2692 4718
444 345 635 414 ltts'uou.
661 342 747 407 LtB.
768 343 874 454 111111.
902 347 1053 413 CAH&
1260 354 1324 418 495

171 506 307 587 docuitr
332 514 368 575 et
381 527 424 575 ex
435 502 561 601 agresti
572 502 653 573 cibo
669 501 803 573 mitiora
815 502 922 584 vesci,
939 503 1171 589 odiosorum,
1183 529 1278 596 qnae-

168 610 245 703 ipee
262 624 383 702 passus·
390 610 519 699 fuerat,
543 604 700 681 homines
714 606 840 698 coegit.
892 607 1001 679 Huius
1014 628 1111 679 casus
1125 609 1323 683 fabulosus

158 715 379 798 irriderentur,
405 713 467 781 nisi
482 720 517 781 et
528 708 763 781 Romanorum
778 708 972 781 conditores
985 712 1069 804 lupa
1088 706 1221 797 nutriti,
1239 726 1275 790 et

170 816 300 908 cyrus,
324 839 384 887 rex
401 816 597 899 Persarum,
623 836 708 886 cane
730 812 828 881 alitrrs
852 815 1063 904 proderetur.
1124 817 1181 887 Ab
1203 817 1324 894 11111113

170 930 206 990 et
218 910 399 993 ministeria
412 919 546 989 servilia
562 916 697 1009 populo
713 917 907 1004 interdicta,
933 927 968 987 et
978 919 1079 1011 plebs
1089 919 1123 989 io
1136 932 1269 1010 septem

171 1012 271 1097 urbm
284 1024 400 1095 divisa.
450 1022 592 1119 Mortuo
608 1021 764 1105 Hobida,
789 1044 935 1112 rognum
949 1045 1012 1114 per
1031 1024 1138 1092 multa
1158 1027 1325 1109 secula14

172 1154 193 1197 a
204 1128 449 1200 successoribus
464 1129 535 1195 eius
552 1134 718 1193 retentum
732 1131 792 1193 est
817 1126 871 1193 -ln
888 1126 952 1194 alia
965 1137 1063 1219 parto
1078 1128 1274 1221 Hispaniae,

171 1242 207 1302 et
219 1255 309 1324 quae
326 1253 370 1315 en
388 1231 502 1303 insulis
520 1236 666 1313 constat,
692 1250 837 1319 reguum
860 1251 965 1319 penes
986 1222 1182 1321 Gerydnem
1201 1233 1274 1303 soit

170 1336 293 1407 lnbac
306 1343 399 1405 tanta
420 1333 541 1427 pabuli
558 1332 684 1403 laetitia
704 1341 771 1418 est,
796 1338 850 1419 ut,
876 1332 939 1401 nisi
958 1335 1155 1405 abstinentia
1170 1337 1275 1421 inter:-
1313 1336 1327 1361 “·

151 1441 298 1533 'pellata
318 1439 437 1531 sagina
458 1436 577 1521 fuerit,
602 1458 732 1528 pecora
752 1446 963 1527 rumpantur.
1015 1437 1102 1513 lnde
1125 1438 1324 1530 denique15

170 1552 321 1641 armenta
338 1543 523 1637 Geryonis',
547 1565 637 1631 quae
649 1540 716 1609 illis
729 1541 938 1629 temporibus
950 1539 1045 1611 solae
1060 1565 1146 1633 opes
1162 1544 1275 1623 babe-

170 1648 309 1734 bautur,
334 1654 447 1715 tantae
468 1645 582 1725 lamae
598 1644 711 1731 fuere,
736 1651 775 1713 ut
793 1644 979 1713 Herculem
1005 1668 1047 1714 ex
1069 1647 1151 1715 Asia
1169 1672 1273 1739 prae-

171 1752 238 1835 dae
254 1749 486 1842 magnitudine
506 1748 681 1818 illexerint
732 1746 842 1815 Porro
858 1748 1056 1837 Geryonem
1072 1750 1183 1840 ipsum
1203 1766 1321 1827 1101116

170 1855 310 1947 triplicis
332 1865 489 1938 naturae,
515 1861 552 1919 ut
575 1851 699 1919 fabulis
721 1850 894 1940 proditur,
923 1852 1025 1920 fuisse
1049 1854 1178 1935 ferunt3
1194 1855 1273 1923 sed

169 1968 239 2029 tres
265 1959 386 2031 fratres
411 1966 525 2029 tantae
547 1953 752 2025 concordiae
783 1953 960 2040 exstitisse,
993 1965 1032 2025 ut
1061 1978 1131 2026 unc
1158 1960 1272 2027 animo

170 2085 288 2130 onines
303 2063 378 2153 regi
391 2061 598 2137 vido-rentum
623 2082 688 2127 nec
701 2056 831 2126 bellum
844 2056 987 2130 Herculi
1003 2082 1061 2129 sua
1076 2073 1197 2153 sponte
1218 2066 1273 2130 in-

159 2166 302 2249 tulisse,
328 2165 406 2248 red,
437 2186 543 2252 quum
574 2170 726 2229 armenta
751 2184 810 2253 sua
840 2163 915 2253 rapi
945 2163 1120 2251 vidissent,
1153 2169 1273 2253 amissa

165 2268 446 2360 bello-repetisse.
485 2342 487 2347 ,
1228 2330 1231 2339 ,
1299 2256 1301 2261 ’

219 2388 306 2459 Car.
332 2387 375 2454 V.
427 2388 509 2455 Post
523 2408 632 2485 regna
645 2383 771 2453 deinde
785 2382 989 2475 Hispaniae,
1005 2384 1107 2477 primi
1124 2384 1281 2456 Cartha·
1303 2401 1319 2461 1

169 2492 334 2585 ginienses
350 2490 530 2579 imperium
560 2488 756 2580 provinciae
775 2509 997 2578 occupavere.
1056 2491 1145 2558 Nam
1167 2515 1272 2580 quum
1300 2506 1323 2565 2

169 2595 331 2665 Gaditani
345 2617 366 2660 a
381 2594 496 2683 Tylo,
508 2660 511 2665 ,
522 2594 613 2661 unde
628 2602 662 2660 et
676 2589 1011 2681 Carthaginiensibus
1025 2593 1125 2685 origo
1138 2605 1201 2679 est,
1217 2619 1273 2663 sa-

169 2723 228 2772 cra
244 2697 418 2781 Herculis,
445 2721 508 2788 per
525 2698 673 2786 quietem
690 2695 788 2778 iussi,
814 2695 848 2761 in
865 2696 1065 2786 Hispaniam
1087 2698 1272 2765 transtulis-

168 2809 258 2892 sent,
282 2803 469 2890 urbemque
488 2800 536 2875 ibi
552 2799 794 2881 condidissent,
819 2798 1044 2867 invidentibus
1060 2799 1272 2869 incrementis

168 2929 279 3001 novae
294 2905 386 2972 urbis
401 2904 547 2972 finitimis
560 2903 745 2995 Hispaniae
759 2902 914 2994 populis,
942 2927 982 2972 ao
1000 2906 1184 2993 propterea
1197 2905 1271 2973 Ga·
1303 2964 1306 2973 ,

168 3010 301 3079 ditanos
323 3007 416 3074 bello
445 2998 697 3094 lacessentibus,
725 3004 885 3074 auxilium
909 3008 1163 3097 consanguineis
1185 3008 1272 3077 Car-

167 3112 393 3207 thaginienses
412 3112 543 3183 misere.
565 3196 568 3201 Ι
595 3111 648 3177 lbi
670 3110 761 3179 felici
788 3108 1003 3200 expeditione
1023 3121 1058 3179 et
1081 3111 1268 3178 Gaditanos
1294 3122 1318 3199 ¹3

168 3219 213 3295 ab
234 3216 352 3311 iniuria
374 3214 644 3301 vindicaverunt,
672 3224 707 3281 et
733 3213 895 3281 maiorem
919 3225 1052 3303 partem
1074 3216 1269 3302 provinciae

167 3321 313 3414 imperio
333 3341 393 3386 suo
414 3318 642 3387 adiecerunt..
670 3318 793 3389 Postea
811 3339 949 3406 quoque
967 3317 1177 3385 hortantibus
1195 3321 1270 3409 prl-·
1297 3330 1319 3390 4

167 3447 245 3495 mae
260 3423 484 3515 expeditionis
498 3421 672 3515 auspiciis,
688 3420 921 3493 Hamilcarem
935 3423 1175 3514 imperatorem
1192 3434 1271 3491 cuni

237 3696 271 3731 ex
289 3676 395 3746 agresti
409 3675 468 3727 cibo
481 3676 593 3728 mitiora
605 3679 687 3730 vesei.
722 3674 831 3728 Ebanso
849 3678 873 3727 ll
881 3711 889 3742 ,
908 3674 935 3740 5,
953 3677 985 3730 6:
1002 3674 1131 3746 glandem
1143 3675 1320 3741 vescentibus,

166 3778 212 3818 rto
228 3762 275 3814 die
292 3759 473 3829 Anmerkung
490 3759 682 3814 nachanrehen
699 3760 744 3814 181.
759 3790 792 3801 -
812 3768 856 3815 Ex
873 3760 910 3812 ist
926 3759 987 3811 hier
1003 3760 1091 3812 aoviel
1107 3758 1147 3810 als
1159 3775 1233 3831 post.
1258 3759 1323 3810 Die·

165 3868 212 3905 aar
235 3846 384 3903 Gebrauch
406 3845 481 3897 kann
504 3845 572 3897 aber
589 3847 670 3901 nicht
694 3846 740 3900 bei
764 3846 843 3899 einer
866 3842 978 3899 blossan
996 3845 1133 3926 Zeirsotge
1150 3844 1322 3913 atattfinden,

165 3927 287 3993 eundern
304 3953 359 3988 nur
376 3934 451 4015 daun
460 3971 469 4000 ,
486 3950 567 3984 wenn
585 3952 641 3987 von
659 3936 737 3988 einer
753 3934 886 4005 gewisaen
908 3934 1099 4003 Verbindnng',
1118 3935 1204 3985 einem
1220 3935 1322 3986 Ueber·

165 4030 253 4100 gelren
264 4045 316 4079 ons
333 4027 420 4077 einsm
433 4023 572 4075 Zostande
591 4024 621 4075 111
635 4023 688 4074 den
701 4024 806 4075 andem
824 4020 870 4081 die
888 4017 967 4095 Reda
984 4017 1029 4070 ist.
1071 4017 1180 4070 Ebenro
1198 4020 1322 4088 gebrau-

166 4104 240 4164 chen
263 4108 309 4162 die
333 4107 473 4185 Grieehen
497 4107 542 4158 ihr
560 4105 598 4163 ἐ.
647 4104 782 4176 xJ1,t'o‚
802 4111 832 4161 1:
858 4123 895 4173 en
913 4125 1016 4175 magua
1034 4106 1221 4176 desperatione
1236 4110 1323 4161 soluti

166 4200 300 4251 redditus.
349 4202 426 4251 Corn.
450 4196 545 4247 Timol.
559 4196 592 4258 3,
609 4196 639 4248 2:
664 4197 709 4245 Ex
731 4198 848 4248 1111111118
868 4195 936 4246 bello
958 4189 1161 4269 centuni-oniam
1177 4197 1230 4245 toti
1247 4198 1322 4247 insu-

166 4286 397 4351 laeconciliavit,
418 4294 448 4334 ut
460 4296 529 4344 etc,
549 4296 593 4331 wo
614 4285 705 4334 Rremi
715 4278 915 4345 nachznsehen
926 4277 969 4330 ist.
1006 4277 1099 4348 Vergl.
1120 4282 1238 4363 Gsoaov.
1264 4281 1320 4334 ob-

167 4385 278 4425 reruatt.
296 4371 344 4423 lv..
362 4373 442 4423 0120.
480 4374 535 4422 eie.
547 4370 643 4440 Ecleg.
659 4390 684 4422 1.
697 4371 847 4438 Hottr'uger
860 4388 890 4439 p.
907 4367 932 4420 7.
