2692 4718
442 251 1020 324 fllsrou.u1u.xx.ct1³.t
1150 332 1153 337 ,
1242 265 1306 331 285

194 413 425 506 mspicienlos,
437 413 548 506 (nam
562 415 634 484 sola
648 412 842 504 quindecim
859 412 963 483 millia
977 414 1123 485 militum
1141 412 1255 487 hahe-

193 528 229 587 nt
236 523 264 611 ,)
291 521 414 589 omissa
435 540 498 609 spe
518 519 698 604 victoriae,
723 519 757 585 in
778 517 979 587 destinatam
1001 528 1148 589 mortem
1168 542 1255 591 oon-

193 624 292 693 irant:
315 618 493 712 tantusque
515 621 619 691 ordor
646 644 688 690 ex
711 621 956 723 desperatione
971 621 1121 715 singudos
1150 625 1254 716 cepit,
1282 633 1304 700 6

207 728 354 799 victores
380 734 617 817 separarent,
651 725 769 794 sinon
790 725 891 794 inulti
910 735 1131 819 morerentur.
1181 727 1255 797 Sed
1283 741 1305 805 6

191 854 231 901 tm
252 830 340 899 mori
361 828 505 899 honeste
527 837 710 919 quaerunt,
736 827 884 898 feliciter
902 828 1068 899 iicemnt:
1095 821 1164 901 'nec
1186 822 1254 899 alio
1289 820 1292 825 ’

190 957 249 1003 usa
263 933 426 1004 victoriae
439 933 522 1020 fnit,
546 955 650 1022 quam
664 932 760 1021 quod
776 930 1051 1024 desperaverunt.
1091 934 1255 1026 Pugnan·
1282 942 1305 1009 7

189 1037 379 1122 mediocris,
404 1038 517 1126 aquila
533 1037 577 1105 ab
593 1035 665 1107 acie
678 1057 863 1131 numquam
876 1036 1024 1121 recessit,
1046 1057 1171 1127 eosque
1184 1050 1255 1109 tam

188 1141 492 1227 aeimmolavit,
517 1140 634 1231 quood
658 1140 840 1210 vincerent.
890 1138 931 1207 In
946 1140 1102 1212 comibus
1117 1164 1255 1232 quoqne
1282 1154 1305 1218 8

187 1268 218 1313 ιο
230 1245 366 1315 iuvenes
380 1243 514 1315 diverso
532 1269 553 1314 a
568 1242 686 1314 ceteris
701 1266 872 1313 armornm
889 1242 1027 1332 habitu,
1045 1244 1171 1315 eximia·
1178 1271 1255 1316 mo-

186 1349 344 1436 titudine,
370 1357 405 1417 et
420 1348 504 1419 olbis
517 1350 643 1438 equis,
658 1356 692 1415 et
707 1346 874 1420 coccineis
892 1346 1159 1439 paludamentis,
1184 1373 1254 1442 pu-

185 1476 254 1523 mre
266 1453 326 1523 visi
345 1459 439 1538 sunt,
465 1474 529 1523 nec
549 1452 640 1521 ultra
663 1460 911 1542 apparuerunt,
938 1473 1042 1539 quam
1061 1464 1253 1546 pugnatum

184 1566 205 1627 l.
257 1557 358 1626 Hanc
372 1555 637 1625 admirationem
656 1555 746 1623 auxit
770 1553 976 1625 incredibilis
995 1553 1109 1624 famae
1122 1558 1253 1629 voloci-
1280 1569 1304 1633 9

182 1684 206 1731 s.
251 1661 348 1737 ¹Nom
377 1660 500 1729 eadem
523 1659 598 1745 die,
631 1680 700 1748 qua
722 1658 757 1725 in
778 1657 879 1725 ltalia
905 1649 1097 1750 pugnatum
1114 1646 1192 1747 aest,
1208 1670 1253 1731 'et

181 1762 343 1852 mintho,
360 1772 394 1835 et
421 1762 583 1851 Athenis,
610 1770 644 1847 et
663 1760 927 1833 Lacedaemone
948 1762 1099 1833 nuntiata
1122 1772 1174 1833 ost
1197 1765 1251 1834 vi-

180 1892 264 1939 ona.

196 1989 286 2063 Gar.
311 1987 374 2063 IV.
411 1990 496 2060 Post
507 1984 596 2060 haec
612 1988 888 2061 Crotoniensibus
903 1988 997 2060 nulla
1009 1988 1140 2061 vimutis
1151 2010 1251 2061 exera
1280 2002 1298 2066 1

177 2096 281 2182 totio,
306 2093 401 2162 nulla
412 2116 584 2162 armorum
599 2117 680 2165 cura
693 2095 766 2162 suit
819 2093 974 2164 Oderant
989 2094 1078 2165 enim
1091 2117 1180 2185 quae
1194 2096 1249 2164 iu-
1278 2107 1301 2169 2

176 2198 289 2289 diriter
310 2207 537 2285 sumpserant3
562 2206 812 2288 mutassentque
831 2199 935 2267 vitam
957 2198 1105 2284 luriuria,
1131 2198 1256 2290 niPy·

175 2323 309 2395 lagonas
321 2298 553 2393 philosophus
565 2301 713 2369 fuissent.
764 2302 836 2372 Hic
854 2302 949 2369 Sami
969 2301 1172 2387 Demarato,
1197 2303 1253 2370 lo-
1278 2315 1302 2377 8

173 2408 284 2499 uplete
311 2404 542 2495 negotiatore,
573 2413 671 2495 patre
697 2412 810 2490 natus,
844 2405 1045 2497 magnisque
1067 2407 1253 2495 sapientiae

172 2508 355 2585 crementis
365 2508 541 2590 formatus,
559 2509 759 2599 Aegyptum
772 2507 897 2601 primo,
917 2530 998 2577 mox
1012 2508 1252 2599 Babyloniam,

171 2614 191 2687 d
206 2610 450 2707 perdiscendos
463 2609 612 2679 siderum
628 2619 760 2698 motus,
786 2612 1022 2713 originemque
1038 2613 1158 2682 mnndi
1170 2637 1253 2707 spe·

169 2718 325 2801 landam,
350 2714 546 2805 profectus,
570 2736 738 2783 sommam
757 2715 930 2786 seientiam
950 2725 1148 2788 consecutus
1167 2725 1249 2787 erat
1279 2710 1281 2714 ’

168 2820 435 2914 oderegressus,
460 2816 597 2888 Cretam
613 2818 942 2910 etLacedaemona,
968 2820 1014 2889 ad
1034 2842 1251 2917 cognoscen-
1277 2832 1301 2897 4

216 3058 283 3112 cm.
301 3059 346 3111 Ill.
368 3055 393 3124 §-
408 3054 437 3111 9.
461 3057 545 3110 Hanc
557 3056 785 3121 admirationem,
803 3055 831 3111 d.
845 3055 865 3115 i.
880 3061 926 3115 dis
941 3060 1164 3133 Venounde'rung
1176 3060 1301 3125 mrito,

165 3146 239 3203 loun
256 3143 303 3196 ein
318 3141 479 3195 Pronomen
495 3139 555 3193 sich
570 3141 623 3193 auf
639 3149 722 3193 etwas
739 3141 768 3194 in
787 3141 854 3195 dem
871 3143 1068 3215 vorgehenden
1085 3131 1163 3200 satra
1179 3145 1301 3215 henieht,

165 3230 205 3287 nd
221 3229 297 3284 noch
313 3228 360 3282 ein
377 3226 516 3282 ehenlrlls
538 3226 598 3281 rich
618 3224 908 3282 auriickheziehender
925 3230 1084 3289 duhstsmiv
1100 3231 1148 3285 hei
1164 3230 1226 3284 sich
1241 3232 1301 3302 hat,

164 3336 178 3377 o
194 3316 300 3373 richtet
315 3313 376 3369 sich
394 3315 444 3368 da·
459 3315 622 3368 Pronomen
638 3312 713 3367 nach
730 3311 837 3367 diesem
852 3315 883 3369 in
900 3333 1020 3388 waere,
1037 3334 1157 3372 numero
1173 3318 1233 3373 und
1251 3336 1303 3373 ca·

163 3424 195 3473 n,
215 3420 260 3458 wo
283 3402 335 3457 wir
356 3400 399 3457 im
422 3399 583 3455 [teutschen
600 3399 645 3455 dio
661 3401 871 3474 Ueberretsung
888 3400 979 3457 durch
994 3405 1126 3470 dealba,
1149 3407 1302 3479 derwegm,

162 3510 242 3551 sevon
256 3494 313 3546 eto.
335 3488 436 3561 gehon.
489 3492 597 3543 Terent.
616 3490 691 3543 And.
714 3488 747 3558 1,
771 3491 806 3555 1,
829 3490 881 3545 72:
914 3495 1013 3549 Omma
1034 3490 1151 3551 husan
1169 3489 1313 3566 fortunar·

161 3598 232 3647 mar·
271 3578 342 3633 Huc
358 3575 375 3628 f
379 3590 458 3629 rma
473 3576 607 3651 impulsus
619 3578 743 3631 Chremes
759 3577 833 3633 ultro
847 3578 886 3630 ad
900 3597 943 3632 me
958 3580 1044 3633 veni&
1090 3582 1120 3634 8·
1136 3582 1304 3650 Ranmdom,

161 3672 214 3725 m,
232 3669 281 3721 er.
298 3662 321 3732 o.
339 3664 399 3720 rso.
410 3683 442 3739 p.
455 3659 519 3719 sss.
552 3661 647 3735 vergi.
664 3659 712 3716 ‹ue
725 3662 858 3718 rme.
873 3678 909 3739 za
924 3665 1034 3733 xxm,
1052 3666 1088 3732 1,
1107 3661 1151 3721 14.
1311 3650 1320 3721 ’.

215 3766 245 3808 et
262 3751 390 3805 Corintho
406 3763 434 3804 et
446 3750 575 3805 Athenis.
617 3752 727 3803 Gronov
748 3746 800 3802 hrt
822 3753 947 3807 corinthi
963 3750 1071 3805 liudem
1087 3750 1201 3808 wellen.
1240 3752 1305 3809 wir

159 3828 240 3895 'uben
256 3835 360 3904 iedooh
376 3853 412 3891 au
427 3837 473 3905 11,
491 3837 540 3905 tu,
557 3834 696 3908 genehen,
714 3834 777 3889 dms
794 3835 867 3891 auch
884 3835 931 3891 die
944 3838 1143 3893 Stiidtenamen
1159 3838 1211 3892 der
1222 3839 1310 3901 zwek

158 3940 194 3993 en
210 3922 391 3978 Deklinaticn
410 3923 555 3978 hi'rweilen
570 3922 611 3977 im
627 3920 740 3977 Ahlrtiv
754 3922 871 3989 otehenr
895 3940 951 3977 was
974 3940 1025 3979 um
1041 3940 1073 3977 so
1090 3920 1174 3979 mehr
1189 3908 1225 3979 iu
1241 3934 1304 3981 ont·

157 4009 312 4082 chuldigen
327 4009 380 4079 ist,
395 4027 495 4075 menn,
510 4009 563 4063 wie
578 4026 616 4063 au
633 4024 750 4079 unserer
767 4002 864 4076 stelle,
882 4008 934 4064 der
950 4009 1136 4065 stadtnemen
1153 4009 1206 4065 dor
1221 4011 1305 4085 amei-

156 4116 197 4155 :sn
212 4096 393 4159 Delrlimtion
408 4094 463 4151 mit
479 4094 572 4149 ciuem
588 4093 641 4149 der
656 4084 761 4149 dritten
770 4095 950 4153 Deklinatiou
966 4094 1133 4163 verbunden
1147 4092 1198 4153 isc'
1211 4104 1302 4159 ,caea

155 4192 180 4257 q.
199 4192 228 4241 ο.
246 4190 296 4255 ut,
312 4186 365 4245 85:
386 4186 536 4258 parisiis
558 4184 778 4269 adversariorum
795 4182 983 4255 Calydone
1001 4190 1035 4239 rt
1051 4183 1240 4257 Naupacto
1257 4207 1304 4242 re·
1327 4239 1329 4243 ,

154 4276 233 4331 cesis.
