2692 4718
91 283 157 351 tis
242 338 245 343 .
564 284 839 351 insutus

136 434 331 511 Almauder
340 449 443 535 rogat
459 450 605 537 patrem,
624 451 781 539 respecto
793 442 912 514 aetatis
925 464 969 515 ac
981 436 1156 537 gnoitatis
1167 464 1246 515 susc

136 540 247 613 abiret
260 546 436 632 convivio,
458 546 643 639 pollicitus,
667 570 704 617 se
719 544 895 643 hospitum
908 556 1181 639 temperaturum
1192 546 1246 615 io-

93 656 211 727 scos.
262 647 344 733 Quo
357 647 529 741 digresso,
554 652 712 722 mulieres
722 673 862 743 quoque
875 652 1067 745 paullulum
1083 652 1245 753 cucuri-

97 754 101 764 '
137 748 196 815 vic
215 742 349 840 urticat,
380 753 503 825 cultius
522 765 757 845 excusaturus,
782 754 1015 850 gratioresque
1032 752 1243 827 reductum

41 920 47 929 .
91 860 126 927 6·
138 850 334 942 luquarum
345 856 462 927 locum
474 860 654 929 matronali
673 856 792 929 lrabitu
807 868 986 930 exornatos
1000 859 1139 929 iuvenes
1149 880 1244 950 -aup-

136 958 252 1048 pouit,
285 979 414 1049 eosque
440 962 663 1053 petulantiam
690 963 885 1056 legatorum
915 963 1026 1049 ferro,
1058 960 1162 1052 quud,
1180 961 1244 1031 sub

38 1130 42 1139 ,
92 1059 117 1123 7
137 1068 231 1129 vaste
252 1062 436 1152 gerebant,
467 1087 687 1157 compescere
706 1068 810 1138 iubet.
860 1068 976 1157 Atque
996 1066 1046 1134 ita
1061 1064 1246 1137 interfecit

136 1163 309 1251 omnibus,
333 1165 472 1260 ignarus
484 1171 534 1238 rei
546 1169 779 1263 Megabyzus‚
804 1191 911 1259 quum
932 1169 1040 1262 legati
1059 1190 1130 1237 uon
1143 1166 1245 1237 redi-

134 1276 221 1347 rent,
245 1268 346 1337 mittit
363 1292 406 1339 eo
421 1294 499 1343 cum
513 1276 676 1345 exercitus
689 1283 787 1365 parte
800 1274 986 1359 Bubonem,
1011 1280 1050 1339 ut
1061 1272 1099 1339 iu'
1109 1264 1245 1341 bellum

15 1420 21 1433 ,
91 1360 238 1438 tacite
251 1372 489 1457 etmediocre3
512 1376 880 1471 dedignatusipseire,
904 1398 950 1445 ne
962 1374 1245 1445 dehonestaretur

87 1478 112 1545 9
131 1472 267 1564 proelio
277 1476 480 1547 tamtoedae
493 1481 613 1572 gentis.
638 1480 872 1549 SedBubares
887 1487 966 1548 ante
978 1478 1111 1548 bellum
1126 1498 1246 1563 amoro

133 1576 227 1647 filiae
244 1581 415 1672 Amyntae
430 1595 561 1676 captus,
586 1584 709 1653 omisso
724 1584 831 1670 bello,
856 1584 991 1674 nuptias
1011 1581 1105 1663 faeie
1127 1580 1245 1677 depu-

133 1681 268 1769 sitisque
279 1683 459 1755 hostilibus
480 1687 617 1774 animis,
642 1688 677 1755 in
695 1686 867 1756 affinitatis
884 1687 958 1755 iura
977 1684 1139 1759 succedit.

88 1779 113 1847 1
185 1782 274 1854 Cau.
287 1786 348 1857 lv.
398 1788 482 1857 Post
494 1790 676 1861 discessum
691 1814 714 1859 a
731 1789 939 1860 Macedonia
951 1788 1096 1859 Bubaris
1109 1786 1246 1876 Amyn-

133 1894 184 1954 tas
197 1888 423 1960 rexdecedit:
444 1893 538 1963 cuius
551 1895 625 1962 lilio
639 1901 673 1960 et
692 1893 877 1963 successori
889 1890 1085 1962 Alexandro
1110 1910 1246 1983 cogua-

132 1990 182 2057 tio
195 1990 340 2061 Bubaris
355 2017 424 2063 non
443 1994 538 2064 Darii
556 2004 685 2065 tantum
704 1996 915 2087 temporibus
928 2016 1052 2088 pacem
1063 2001 1128 2087 pra
1181 1992 1246 2075 ‘uc

132 2098 373 2165 verumetiam
397 2097 545 2169 Xerxem
566 2099 656 2170 adeo
679 2100 890 2184 conciliavit,
915 2109 970 2183 ut,
995 2120 1102 2189 quum
1202 2118 1246 2165 e-

134 2194 234 2281 ciam,
258 2198 365 2267 veluti
377 2208 560 2294 tempestas
570 2200 753 2292 quaedam,
779 2209 991 2293 occupasset,
1013 2202 1102 2269 inter
1118 2196 1246 2291 Olym-

133 2316 218 2389 pum
240 2299 480 2396 Haemumque
493 2314 626 2374 moutes
645 2305 746 2375 totius
760 2306 907 2398 regionis
924 2326 1001 2373 eum
1013 2302 1161 2395 Mperio
1177 2300 1245 2385 do-

90 2397 116 2459 2
134 2401 271 2472 noverit.
289 2414 292 2419 '
320 2403 393 2474 Sed
412 2429 478 2479 uec
493 2407 614 2477 uncte
628 2409 756 2493 miuus,
781 2430 884 2497 quam
897 2407 1077 2476 Persarum
1090 2404 1245 2493 utens-

88 2498 112 2562 8
133 2510 213 2595 tate,
236 2528 382 2601 reguum
397 2510 582 2603 ampliauit
633 2511 702 2583 Per
715 2510 871 2580 ordinem
886 2507 1012 2578 deinde
1027 2506 1245 2581 successionis

132 2630 277 2701 regnum
305 2609 534 2683 Macedoniae
555 2612 600 2683 ad
621 2616 822 2705 Amyntam,
855 2612 966 2682 fratris
993 2613 1065 2683 eius
1088 2608 1245 2681 Mendai

89 2708 115 2775 4
132 2712 258 2798 lilium,
281 2715 446 2805 pervenit
495 2716 565 2788 Hic
579 2739 718 2808 quoque
729 2717 869 2810 insignis
882 2714 1055 2801 industria,
1080 2720 1116 2785 el
1129 2712 1244 2783 omui·

90 2809 113 2877 5
134 2816 196 2883 bus
211 2816 437 2906 im1)eratoriis
448 2818 623 2889 virtutibus
635 2821 811 2891 instructus
824 2820 907 2888 fuit:
932 2818 992 2909 qui
1011 2840 1053 2888 ex
1067 2815 1243 2907 Eurydice

132 2928 200 2987 tres
213 2919 302 2988 lilios
317 2921 458 3013 sustulit,
483 2923 728 3009 Alexandmm,
740 2923 954 3006 Perdiccam,
980 2930 1014 2991 et
1026 2918 1242 3013 Philippum,

132 3020 318 3092 Alexandri
332 3023 455 3117 Magni
474 3024 678 3097 Macedonis
692 3034 843 3119 patrem,
870 3033 905 3095 et
923 3025 1029 3093 liliam
1040 3022 1243 3113 Euryoneu:

135 3145 177 3195 ex
203 3126 350 3218 Gygaea
378 3137 494 3197 autem
519 3128 748 3215 Archelaum,
787 3126 994 3215 Aridaoum,
1033 3124 1242 3195 Menelaum.

93 3226 117 3291 6
136 3228 225 3298 Cum
249 3230 372 3321 illyriis
392 3231 516 3303 deiude
531 3241 565 3302 et
585 3255 665 3306 cum
685 3232 856 3323 Olynthiis
878 3229 997 3324 gravia
1012 3228 1108 3299 bella
1128 3226 1244 3321 gessit.

92 3324 115 3387 7
135 3332 266 3401 insidiis
282 3334 381 3402 etiam
396 3335 586 3427 Eurydices
596 3334 720 3421 uxoris,
745 3358 834 3425 quae
849 3334 981 3427 nuptias
997 3330 1115 3425 generi
1128 3340 1245 3424 pacta,

136 3434 360 3507 occidendum
373 3436 499 3525 virum,
530 3462 743 3531 regnumque
765 3438 921 3507 adultero
943 3434 1148 3505 tradendum
1169 3456 1247 3505 sus-

135 3548 295 3633 ceperat,
319 3551 506 3637 occupatus
527 3542 659 3633 luisset,
684 3542 720 3612 ui
741 3542 814 3611 filia
834 3540 1035 3637 pellicatum
1050 3535 1187 3625 miska
1212 3542 1248 3607 θ*

177 3764 243 3821 Ωιι.
254 3766 301 3819 Ill.
317 3764 342 3835 fi.
359 3763 385 3821 ⁵.
406 3772 565 3836 Buryoneu·
607 3766 664 3823 nia
676 3767 776 3821 wart
786 3763 818 3819 in
830 3762 887 3819 deu
899 3760 1118 3835 gowuhniielraa
1136 3758 1248 3833 durgu-

95 3849 151 3903 beu
165 3848 339 3919 Euryonem
358 3853 395 3907 ist
406 3850 546 3907 durchour
561 3849 669 3919 falech3
694 3850 741 3905 die
757 3848 983 3905 scemativsorm
1000 3847 1054 3903 aui
1066 3864 1109 3901 arn
1118 3862 1177 3901 ιοιι
1187 3847 1249 3901 Nc-

95 3932 219 3988 minibus
229 3934 281 3989 aui
293 3954 318 4005 a,
338 3937 448 3991 welche
462 3936 541 3991 nieht
552 3936 641 3990 roltsu
656 3930 689 3991 iu
706 3932 996 3991 dea-naamanittea
1010 3934 1096 3997 ruht,
1117 3930 1155 3985 ist
1170 3930 1250 3985 olm·

96 4018 152 4071 alle
169 4021 386 4091 grammaticalis
408 4020 613 4093 Bcgriinduag,
636 4021 694 4076 uad
709 4037 767 4075 arur
786 4020 828 4075 alr
848 4020 913 4073 eina
936 4022 1048 4091 misere
1059 4016 1250 4089 undarum..

95 4102 147 4158 der
160 4105 344 4161 Abrchredrcr
358 4104 544 4160 normam·
566 4106 624 4161 Mit
639 4107 730 4163 Recht
756 4105 808 4163 isat
828 4105 916 4159 daher
938 4102 1014 4159 such
1037 4102 1183 4157 lludnkan
1199 4100 1248 4155 bel

98 4190 195 4244 Vellei.
209 4195 272 4245 Pas.
282 4194 307 4259 Ι,
321 4188 350 4264 4,
364 4187 397 4246 4:
418 4192 592 4261 Mitylenen
614 4190 806 4265 gotehriebsu·
826 4188 984 4249 suenum
994 4186 1157 4263 scrflleiulas
1169 4185 1247 4243 hict—

92 4271 164 4329 iiiter
182 4278 320 4333 Muucker
331 4293 367 4333 su
384 4276 494 4349 Hygia.
508 4276 579 4335 ras.
595 4276 657 4335 137.
