2692 4718
92 328 155 391 scs
481 268 803 425 ‘rosr1ur
877 271 891 351 ¹·
964 344 975 367 ι

146 478 278 571 cipitur.
330 478 419 549 Nam
434 478 680 573 stipendiorum
692 479 815 552 solutio
827 478 865 548 in
876 464 1064 548 *adventuri
1078 458 1188 571 putris
1199 476 1247 547 di-

98 592 118 656 5
147 585 217 651 lata
237 607 258 650 a
281 582 353 651 filio
375 585 511 660 fuerat·
546 584 656 677 igitur
679 582 944 654 ad'concionem
953 592 1113 653 rocetos·
1121 577 1249 651 blandis

145 686 466 777 verbispermnlsitz
485 686 666 780 stipiendia
678 688 750 757 illis
763 692 832 757 uon
846 708 872 755 a
885 683 1160 780 sestagitur'rda
1172 706 1249 773 cmc,
1280 699 1282 705 ’

138 790 211 860 sed
232 789 280 858 ub
300 791 399 861 hoste
422 791 649 884 quaerenda:
678 812 897 861 communem
918 790 1130 876 victoriam,
1158 810 1249 859 com·

45 891 60 936 '··
97 905 117 966 6
145 916 287 963 munem
295 892 482 987 praedam
499 893 672 986 fauturum.
724 894 897 965 Paullum
916 884 1024 962 inodo
1047 895 1249 963 anniterer·

145 1006 214 1082 tur,
231 998 318 1067 dum
329 998 412 1067 belli
424 998 599 1091 reliquiae
605 1006 860 1092 peraguntur3
884 1006 992 1091 quum
1005 997 1139 1083 sciunt,
1163 996 1248 1067 Ca·-

17 1134 21 1147 ·
95 1113 115 1173 t
143 1101 333 1194 tbugiuam
359 1110 507 1194 captam
533 1124 617 1195 spes
646 1103 801 1171 omnium
826 1098 1090 1194 eupletmam.'
1126 1099 1264 1169 Sedato·

144 1205 280 1274 militari
292 1206 457 1290 tumultu,
480 1205 661 1275 interiectis
675 1206 794 1275 diebus
810 1205 855 1273 ad
870 1213 978 1275 castra
989 1201 1146 1274 hostium
1160 1226 1248 1273 cuer·

145 1310 248 1381 chum
264 1308 374 1380 ductu
398 1310 445 1378 ibi
458 1309 676 1380 inconsultius
688 1304 859 1400 proelium
877 1308 1126 1391 committendo
1144 1308 1247 1377 maio-

89 1423 116 1484 :8
144 1436 217 1483 rem
242 1425 376 1504 partem
399 1414 561 1484 exercitus
590 1412 751 1505 perdidit
804 1413 922 1498 Quum
941 1414 1059 1501 itaque
1080 1412 1118 1480 iu
1146 1416 1278 1493 castra¹

91 1582 94 1591 ,
138 1517 306 1609 fugisset,
329 1540 529 1608 versamque
550 1518 585 1586 in
600 1541 638 1586 se
651 1516 811 1591 invidiam
825 1526 955 1584 temere
976 1515 1154 1585 commissi
1173 1514 1247 1585 helii

143 1621 291 1708 videret,
315 1622 558 1714 pristinamque
577 1614 742 1691 offensam
760 1643 828 1689 non
845 1619 986 1712 depensi
998 1619 1167 1711 stipendii
1182 1642 1247 1689 rue·

142 1732 270 1809 lueret,
303 1727 472 1795 concubia
494 1734 597 1795 nocte
623 1725 714 1793 solus
733 1748 753 1792 a
775 1724 889 1794 castris
918 1746 997 1795 cum
1019 1721 1246 1817 Archagatho

67 1898 71 1919 ,
94 1838 115 1899 9
143 1829 216 1894 filio
233 1828 410 1920 profugit:
449 1829 554 1912 Quod
569 1830 630 1898 ubi
641 1829 763 1897 milites
781 1848 995 1920 cognovere,
1020 1820 1122 1897 haud
1147 1848 1246 1911 secus,

26 1974 33 1991 κ
141 1933 283 2021 quamsi
299 1934 343 2001 ab
359 1931 461 2001 hoste
473 1933 567 2024 capti
582 1942 707 2017 essent,
733 1933 965 2024 trepidavere,
992 1928 1047 1999 bis
1061 1954 1103 2000 se
1120 1956 1149 2000 a
1163 1951 1246 2023 rege

77 2118 80 2123 .
142 2058 206 2104 suo
219 2036 256 2104 iu
268 2036 396 2105 mediis
408 2032 564 2106 hostibus
578 2037 720 2121 relictos
734 2033 826 2124 esse,
850 2024 1125 2128 proclamintes,
1152 2036 1245 2104 sulu-
1266 2024 1271 2031 ’

141 2142 282 2231 temque
301 2162 405 2210 suam
420 2140 601 2211 desertam
615 2133 663 2209 ab
678 2162 719 2210 eo
733 2161 819 2226 esse,
839 2158 989 2232 quorum
1002 2134 1245 2231 uesep‘rultura
1273 2148 1277 2159 '

94 2244 285 2335 toquidem
300 2243 671 2339 relinquendajucrit.
724 2243 841 2329 Quum
859 2243 1018 2336 persequi
1032 2264 1160 2334 regern
1179 2240 1244 2310 rel-
1278 2290 1281 2295 -

140 2347 229 2436 lent,
256 2372 278 2417 a
301 2349 456 2417 Numidis
476 2349 627 2440 excepti,
652 2349 688 2416 in
709 2358 818 2419 castra
833 2338 1060 2426 revertuntur3
1086 2368 1243 2438 compre·

140 2450 248 2535 henso
268 2462 383 2521 tamen
397 2453 609 2544 reductoque
629 2449 875 2543 Archagatho,
901 2451 960 2540 qui
980 2459 1121 2540 epatre
1142 2450 1241 2521 nectit

94 2564 256 2625 tterrore
289 2556 494 2626 discesserat.
552 2556 767 2650 Agathocles
795 2564 909 2622 antem
934 2554 1093 2639 navibus,
1127 2555 1248 2645 quibus.

140 2681 292 2728 reversus
307 2684 328 2735 a
341 2660 458 2730 Sicilia
479 2659 608 2744 fuerat,
635 2683 712 2732 cum
723 2658 924 2730 custodibus
938 2657 1128 2727 earundem
1143 2658 1240 2749 Syra-

94 2756 237 2833 saeuas
252 2763 417 2835 deferturs
467 2764 675 2855 Exemplum
696 2763 817 2855 flagitii
843 2762 1033 2854 singulare,
1065 2783 1131 2830 rex
1151 2782 1240 2831 exer·
1280 2776 1282 2783 '

93 2867 225 2936 recisus
250 2866 301 2934 sui
322 2867 492 2952 desertor,
525 2867 741 2957 filiorumque
763 2875 862 2957 pater
882 2866 1049 2957 proditor.
1109 2864 1267 2935 Interius¹

83 3014 89 3021 -
139 2972 174 3038 in
186 2968 302 3040 Africa
318 2981 396 3062 post
409 2970 529 3063 fugam
543 2967 649 3062 regis,
676 2971 797 3038 milites
811 2971 970 3060 pactione
992 2992 1070 3065 cum
1091 2967 1241 3039 hostibus

139 3073 248 3158 facta,
273 3074 454 3143 interfectis
471 3074 675 3168 Agathoclis
696 3074 830 3157 liberis,
856 3072 1194 3167 Carthaginiensibus
1211 3092 1241 3139 se
1279 3154 1282 3165 Ι

93 3177 322 3248 14tradidere.
373 3177 618 3273 Archagathus
635 3201 739 3268 quum
757 3175 970 3247 occideretur
992 3178 1037 3245 ub
1058 3176 1241 3265 Arcesilae,

140 3281 250 3350 amico
270 3288 366 3351 antea
389 3282 513 3372 patris,
540 3284 675 3376 rogavit
699 3307 795 3366 eum,
828 3281 1000 3372 quidnam
1024 3278 1150 3352 liberis
1174 3280 1243 3353 eius

129 3383 323 3479 sucturum
334 3385 579 3479 Agathoclem
590 3394 710 3480 putet,
731 3405 806 3486 per
821 3406 925 3480 quem
938 3385 1016 3479 ipse
1034 3382 1161 3457 liberis
1178 3406 1241 3483 ¹oa·

156 3650 179 3720 §-
197 3652 240 3709 10·
264 3670 284 3707 a
297 3654 428 3708 Numidis
443 3658 559 3727 excepti.
593 3659 727 3728 Excipere
743 3655 813 3708 wird
830 3654 1055 3710 herondmrrou
1071 3654 1179 3728 iligen
1194 3670 1241 3729 gc·

87 3735 222 3806 braucht,
255 3738 301 3793 (lie
325 3756 361 3792 un
385 3741 562 3794 verste'clsten
587 3746 706 3794 Oertern
719 3743 780 3795 -dur
808 3743 946 3817 fliichtige
971 3742 1050 3801 wito
1078 3744 1241 3816 tullengen.

35 3886 37 3893 Α
86 3825 167 3879 Danu
184 3824 256 3879 wird
271 3843 300 3879 es
317 3827 477 3898 iiberheupt
494 3846 548 3881 ron
565 3829 645 3896 jeder
662 3830 805 3882 entweder
822 3822 1020 3885 freondh'chrn
1040 3829 1112 3883 oder
1132 3830 1241 3885 reinui-

86 3910 160 3965 cheu
177 3913 335 3967 Aufnuhme
352 3908 516 3985 gebraucbt.
557 3917 590 3965 In
605 3913 738 3967 letuterer
755 3917 881 3972 Hinricht
898 3916 1062 3990 roniigllch
1074 3934 1137 3979 ¹rou
1154 3917 1241 3972 denen

86 4006 199 4068 gesrgt,
224 4000 332 4054 welche
349 4018 404 4055 aus
430 4004 523 4055 ciuem
547 4000 706 4055 Hinterbalt
726 4003 785 4054 und
802 4004 1003 4057 unverruuthst
1016 3998 1176 4059 Jemenden
1192 4022 1241 4060 ru·

85 4084 205 4153 greifen.
238 4091 302 4141 Liu.
319 4092 381 4158 Vll,
399 4091 449 4157 11,
466 4092 500 4146 ἵε
523 4078 621 4144 Palati
635 4109 659 4153 ,α
673 4091 782 4143 consule
801 4084 925 4146 Poetelib
940 4094 1018 4146 baud
1031 4096 1136 4167 procul
1148 4096 1241 4149 mum

86 4170 232 4243 excepti
254 4177 331 4229 intra
348 4192 447 4249 portas
468 4179 674 4257 compelluntur.
720 4179 762 4243 X,
780 4179 831 4244 20,
848 4178 883 4233 5:
901 4181 1029 4233 Dimittit
1041 4182 1174 4251 equites,
1197 4182 1245 4255 qut:

86 4274 174 4328 vagos
185 4263 367 4331 praedatores
380 4269 408 4318 ia
427 4267 503 4336 agris
516 4266 645 4335 palantes
666 4265 866 4333 excipiant.
909 4260 1240 4332 xxtt‚tr,11=1nur
1264 4314 1271 4325 .

83 4345 260 4421 pabulatores
276 4349 427 4419 excepti
443 4371 462 4405 a
475 4340 607 4407 Numidis
620 4350 743 4421 (iterata.
778 4354 805 4407 S.
821 4352 960 4407 arctant.
975 4367 1010 4404 zu
1023 4354 1086 4431 Lr'u.
1102 4354 1136 4422 V,
1149 4350 1198 4422 41,
1213 4352 1238 4409 5·
