2692 4718
451 262 637 328 fflsron.
667 261 754 323 LIB.
777 259 885 323 XVIII.
918 261 1010 325 CAP.
1034 264 1064 327 5.
1258 269 1318 331 271

191 424 195 432 '
227 420 314 493 car.
339 420 384 491 V.
432 420 566 489 Primus
584 418 651 489 illis
676 418 838 512 appulsus
858 427 987 505 terram
1011 418 1146 511 Cyprus
1162 418 1270 487 insula
1299 432 1316 490 1

168 524 256 595 fuit:
278 526 341 595 ubi
357 524 515 593 sacerdos
533 523 623 591 Iovis
645 546 725 593 cum
743 524 890 615 coniuge
911 533 947 592 et
960 523 1094 607 liberis,
1118 522 1269 591 Deorum
1297 533 1320 594 2

169 628 322 715 morritu,
347 628 507 699 comitem
522 650 558 697 se
573 627 704 695 Elissae
722 628 917 716 sociumque
931 628 1086 695 sonorae
1103 628 1270 716 praebuit,

168 742 295 823 pactus
322 732 385 801 sibi
412 732 621 822 posterisque
647 739 852 821 perpetuum
879 728 1047 799 honorem
1081 729 1270 797 sacerdotii.
1298 741 1320 800 3

170 834 335 905 Conditio
351 857 416 927 pro
429 836 605 903 manifesto
618 834 730 902 omine
743 841 893 924 accepts.
944 832 1025 901 Mos
1041 842 1112 902 erat
1126 831 1270 923 Cypriis,
1297 844 1320 907 4

170 939 321 1031 virgines
344 948 420 1009 autc
445 939 581 1029 nuptias
601 939 728 1005 statutis
749 937 888 1021 diebus,
913 935 1064 1006 dotalem
1091 936 1271 1026 pecuniam

169 1042 398 1133 quaesituras,
423 1042 458 1109 in
472 1052 646 1131 quaestum
662 1041 706 1109 ad
722 1040 799 1110 litus
813 1038 914 1109 maris
933 1040 1083 1124 mittere,
1107 1060 1173 1131 pro
1192 1038 1272 1107 reli-
1336 1070 1341 1081 =

168 1168 245 1236 qua
263 1146 427 1236 pudicitia
449 1146 632 1215 libamenta
654 1144 778 1213 Veneri
798 1145 972 1213 soluturos.
1023 1143 1155 1212 Harum
1169 1142 1273 1234 igitur
1299 1149 1321 1215 ὅ

170 1272 217 1319 ex
227 1271 370 1319 numero
383 1249 558 1341 octoginta
571 1249 758 1317 admodum
773 1247 918 1343 virgines
935 1254 1049 1337 raptas
1057 1247 1195 1315 navibus
1205 1246 1273 1315 im-

168 1352 259 1445 poni
268 1354 379 1422 Elissa
389 1355 503 1437 iubet,
529 1362 567 1421 ut
582 1362 617 1421 ct
630 1353 783 1421 iuventus
793 1351 1022 1436 matrimonia,
1049 1359 1085 1419 et
1098 1350 1179 1419 urbs
1191 1350 1274 1419 sub-

169 1457 267 1527 olem
278 1456 409 1525 babere
424 1466 549 1549 posset.
587 1456 680 1525 Dum
695 1455 784 1524 haec
797 1464 960 1547 agontur,
979 1453 1195 1545 Pygmalion,
1208 1474 1271 1523 co·
1298 1463 1321 1527 6

168 1561 269 1655 gnita
280 1560 411 1631 sororis
430 1561 532 1652 firgo,
559 1583 665 1649 quum
678 1560 786 1649 impio
800 1560 893 1629 bello
913 1558 1099 1649 fugientem
1112 1554 1271 1649 persequi

167 1673 326 1757 pararet,
350 1686 456 1756 aegra
475 1664 633 1755 precibus
650 1662 781 1747 mamb,
808 1672 842 1731 at
862 1662 1015 1730 Deorum
1035 1662 1132 1729 minis
1152 1660 1268 1748 victus,

168 1767 315 1859 quievit:
343 1768 399 1838 cui
425 1790 529 1857 quum
551 1767 700 1857 inspirati
721 1773 814 1836 votes
842 1773 1015 1848 canerent,
1041 1786 1109 1833 non
1128 1765 1270 1856 impone
1296 1777 1318 1837 7

169 1872 348 1957 laturusn,
371 1872 405 1946 si
424 1872 642 1941 incremasta
661 1869 760 1939 urbis
774 1875 846 1939 toto
858 1868 944 1938 orbe
962 1868 1270 1960 auspicatissimos

170 1974 447 2068 interpellasset,
473 1974 544 2043 hoc
565 1973 671 2043 modo
691 1972 836 2065 spatium
853 1972 1042 2065 respirandi
1065 1971 1269 2065 fugientibus

170 2078 302 2149 dutum
329 2078 472 2167 -Itaque
491 2078 600 2149 Elissa
627 2077 741 2147 delata
767 2078 803 2145 in
824 2077 963 2148 Africae
993 2076 1118 2163 sinum,
1141 2076 1272 2153 incolas
1298 2096 1321 2159 8

169 2180 242 2253 loci
266 2182 358 2268 eius,
386 2182 847 2274 adventnpcrcgtinorum„
861 2191 1134 2273 ,mutuorumque
1157 2208 1271 2260 rerum

170 2286 380 2356 commercio
388 2286 599 2377 gaudentes,
614 2286 650 2353 in
662 2284 845 2357 micitiam
860 2286 1032 2359 sollicitat:
1058 2286 1183 2358 deinde
1196 2313 1270 2361 em-
1298 2304 1320 2364 9

169 2398 233 2481 pto
245 2390 351 2482 Ioco,
375 2390 435 2481 qni
448 2390 542 2482 corio
559 2391 656 2462 bovis
667 2392 741 2483 tegi
752 2400 886 2483 posset,
911 2392 1030 2483 inquo
1045 2390 1270 2486 fessoslonga

169 2492 386 2585 mvigatione
401 2494 526 2579 accim,
551 2495 667 2584 quoad
684 2496 971 2588 proficisceretur,
989 2498 1131 2568 reticere
1143 2507 1269 2591 posset,

170 2596 303 2667 corium
321 2596 355 2664 in
369 2598 575 2667 tenuissimas
589 2608 703 2689 partes
721 2600 830 2669 secari
843 2600 955 2686 iubet,
981 2611 1081 2691 atque
1099 2604 1147 2672 ita
1164 2604 1271 2675 maius

169 2697 241 2769 loci
270 2700 435 2789 spatium,
461 2725 562 2791 quam
594 2705 756 2794 petierat,
783 2714 948 2797 occupate
980 2707 1071 2775 unde
1095 2716 1216 2799 postea
1238 2709 1271 2777 ei
1309 2727 1312 2733 ·

168 2802 252 2874 loco
276 2801 419 2895 Byrsae
438 2826 564 2873 nomen
584 2808 659 2875 fuit.
723 2806 979 2877 confluentibus
1005 2809 1133 2880 deinde.
1153 2812 1319 2885 vicirdsto

168 2905 345 2994 locorum,
357 2908 416 2997 qui
431 2931 492 3000 spe
505 2910 592 2979 lucri
605 2911 711 2979 muita
726 2904 916 3003 hospitibus
928 2914 1061 2983 venalia
1071 2914 1268 3002 inferebant,

167 3008 337 3099 sedesque
349 3011 399 3081 ibi
413 3014 648 3101 statuentibus,
664 3038 706 3084 ex
717 3016 904 3104 frequentia
917 3014 1095 3086 hominum
1108 3020 1200 3088 velut
1214 3020 1314 3091 iu·11

143 3102 147 3113 ¹
167 3122 238 3181 star
249 3114 389 3183 civitatis
402 3114 563 3185 effectum
576 3126 635 3185 est.
685 3117 893 3187 Uticensium
907 3142 1044 3208 quoquc
1056 3122 1162 3212 legati
1177 3121 1317 3194 dona12

166 3225 207 3288 ut
231 3217 487 3310 consanguineis
511 3221 708 3305 attulerunt,
732 3220 926 3311 hortatique
951 3231 1044 3310 sunt,
1070 3222 1194 3291 arbem
1216 3223 1267 3293 ibi

166 3320 381 3410 caederent,
407 3321 468 3391 abi
486 3324 590 3393 sedes
601 3325 717 3393 00010(
735 3331 857 3393 essent.
909 3325 981 3394 Sed
999 3335 1033 3394 ct
1051 3326 1156 3395 Afros
1177 3326 1314 3400 deti-18

165 3422 270 3493 nendi
285 3423 429 3493 advenas
446 3449 542 3495 amor
553 3426 655 3519 cepit
704 3427 841 3517 ltaque,
862 3430 1141 3499 consentientibus
1156 3432 1265 3499 omni-
1269 3442 1314 3503 14

139 3580 143 3590 .
163 3524 250 3612 bus,
275 3524 452 3627 Carthago
468 3530 641 3620 conditur,
666 3538 789 3601 statuto
805 3554 917 3601 annuo
933 3534 1092 3628 vectigali
1110 3556 1176 3625 pro
1190 3517 1264 3604 solo

164 3630 269 3700 urbis.
319 3630 360 3700 Ιιι
380 3634 498 3724 primis
518 3633 744 3703 fondamentis
767 3644 872 3727 caput
898 3638 1065 3707 bubulum
1094 3638 1314 3709 inventumtti

140 3722 144 3731 ¹
164 3712 236 3816 ast3
261 3733 356 3822 quod
376 3738 563 3828 auspicium
577 3738 717 3829 quidem
730 3738 922 3809 fructuosae
933 3752 1062 3830 terrac,
1088 3740 1148 3809 sed
1163 3740 1265 3811 labo-

162 3835 295 3922 riosae,
321 3850 556 3931 perpetuoque
582 3865 696 3912 servae
719 3844 810 3911 urbis
835 3844 916 3911 init:
946 3854 1089 3936 propter
1113 3844 1208 3933 quod
1228 3844 1264 3912 in

163 3939 273 4009 ulium
293 3939 411 4013 Iocum
428 3945 509 4015 urbs
529 3946 696 4017 translata
747 3946 802 4015 lbi
821 3967 959 4038 quoque
981 3948 1059 4039 equi
1081 3955 1185 4039 caput
1207 3956 1314 4081 rc-16

237 4174 507 4248 (immista
489 4183 885 4255 ((οἰἀ100100000000οᾈ01
927 4186 1025 4255 Opinio
1009 4180 1313 4257 01101110οΜπᾶοβ

160 4262 192 4315 8.
209 4256 259 4315 dis
276 4268 406 4319 Anmmk
418 4281 454 4319 ru
471 4268 539 4335 XII,
555 4269 590 4335 8,
606 4270 633 4323 2.
