2692 4718
312 275 742 348 nrsron.n1n.xvrn
773 279 921 349 cent
1126 286 1189 349 aso
1307 247 1314 261 ’

39 432 118 509 uuis
129 431 165 509 sl
178 436 318 509 innoxiis
331 438 451 509 ineolis
464 438 593 509 insulae
613 436 797 523 attributis,
819 446 860 507 ut
872 426 1055 531 exstirpato
1068 445 1140 509 ser'·

39 544 103 613 vili
118 544 289 635 germine,
314 563 422 634 genus
434 544 526 611 urbis
541 564 583 610 ex
597 542 732 633 integro
745 541 956 613 conderetur.

95 646 185 719 Gar.
211 646 271 715 lV.
323 646 404 716 Hoo
426 645 530 736 igitur
549 646 656 713 modo
670 644 768 735 Tyrii
786 638 970 714 Alexandri
986 644 1141 735 auspiciis
1169 654 1187 715 1

40 749 191 835 oonditi,
216 748 424 841 parcimonia
443 758 478 816 et
501 748 620 818 labore
638 748 823 837 quaerendi
843 747 911 817 cito
930 748 1140 818 convaluere,

40 856 135 925 Ante
161 852 296 923 cladem
317 852 531 921 dominorum
554 874 659 941 quum
681 859 716 919 et
737 853 860 941 opibus
883 862 917 920 et
932 850 1143 919 multitudino
1168 861 1191 921 2

41 956 272 1041 abundarent,
298 953 398 1023 niissa
417 957 453 1021 in
473 956 627 1023 Africam
650 957 838 1044 iuventute,
863 954 1000 1025 Uticam
1021 954 1142 1025 mndi-

36 1054 145 1139 alere}
169 1081 274 1149 quum
291 1058 422 1127 interim
442 1080 503 1126 rex
521 1058 649 1150 Mutgo
662 1058 758 1147 Tyro
773 1056 926 1143 decedit,
952 1059 1025 1127 lilio
1044 1058 1142 1149 Pygv
1168 1066 1191 1130 8

40 1165 211 1249 melione,
237 1172 272 1230 et
291 1163 398 1230 Elissa
410 1162 495 1247 lilia,
520 1162 656 1253 insignis
672 1161 807 1230 formae
825 1163 974 1253 virgine,
989 1160 1144 1231 heredi·

41 1268 110 1337 bus
122 1266 284 1335 institutis.
335 1266 407 1335 Sed
423 1266 571 1356 populus
591 1264 807 1357 Pygmalioni
825 1264 1012 1333 admodum
1033 1283 1141 1356 puero
1168 1277 1191 1342 4

36 1366 191 1463 ,regnum
215 1368 361 1437 tradidit.
413 1368 523 1446 Elissa
543 1390 684 1459 quoque
704 1370 859 1438 Acerbas
883 1369 1050 1438 arunoulo
1068 1388 1142 1454 suo,
1168 1378 1191 1444 5

39 1474 401 1560 sacerdoti-Herculis,
427 1474 485 1563 qui
505 1473 616 1540 honos
637 1472 804 1543 secundus
825 1494 949 1564 arege
964 1481 1052 1559 erat,
1077 1493 1142 1540 nu-

42 1578 116 1647 bit..
133 1627 137 1633 -
156 1576 249 1645 Huio
264 1597 425 1666 magnae,
451 1576 509 1643 sed
523 1577 752 1643 dissimulatae
764 1596 849 1665 opes
866 1584 978 1660 amnt,
1006 1569 1143 1643 aurum·
1169 1587 1193 1649 6

36 1702 116 1771 quo
137 1690 232 1749 metu
253 1680 343 1770 regis
364 1700 432 1746 non
451 1680 562 1763 tootis,
588 1679 649 1747 sod
670 1688 783 1747 terrae¹
801 1678 1011 1759 orediderat3
1024 1727 1028 1733 ·
1041 1700 1143 1767 quens
1168 1690 1192 1751 7
1215 1736 1218 1741 .

39 1806 120 1855 reus
147 1783 207 1851 etsi
238 1782 393 1850 homines
419 1782 641 1873 ignorabant,
672 1783 774 1862 fauna¹
791 1790 907 1849 tamen
931 1782 1141 1870 loquebatur.

38 1888 128 1973 :Qua
143 1888 295 1957 inoensus
317 1886 542 1977 Pygmalion,
571 1884 695 1953 oblitus
716 1884 795 1951 iuris
811 1884 969 1971 humani,
995 1906 1143 1953 avunon-
1170 1896 1192 1960 8

46 1992 119 2069 lum
140 2012 256 2074 suum,
282 1989 509 2078 eumdemque
532 2010 715 2080 generum,
740 1987 812 2054 sino
834 1997 991 2079 respeotu
1011 1988 1145 2078 pietatis

46 2094 185 2167 oeoidit.
236 2091 346 2161 Elissa
370 2092 428 2159 diu
449 2094 595 2160 fratrem-
606 2100 751 2183 propter
774 2092 884 2159 scelus
906 2100 1073 2176 aversata,
1099 2092 1144 2160 ad
1171 2102 1193 2167 9

40 2206 257 2293 postremum
281 2195 488 2265 dissimdato
510 2196 610 2279 odio;
641 2194 863 2291 mitigatoque
882 2196 1016 2267 iuterim
1037 2196 1144 2286 vultu,

40 2442 44 2451 '
119 2432 187 2489 Ger.
204 2432 253 2488 IV.
276 2432 300 2500 ς.
316 2432 343 2489 8.
362 2436 443 2505 Tyro
456 2434 570 2487 decedit.
605 2435 775 2506 Bongureius
785 2428 879 2485 wollte
895 2434 961 2503 Iyri
971 2429 1093 2497 iudom
1109 2430 1196 2486 ellein
1248 2500 1251 2505 Ι

23 2544 26 2554 ·
47 2520 154 2575 &anso
170 2520 269 2572 hatten
285 2519 353 2587 wir,
369 2535 465 2572 ausser
480 2536 516 2571 en
533 2517 639 2573 andern
657 2517 778 2583 suellen,
795 2521 830 2586 11,
849 2520 893 2585 1³,
908 2520 941 2575 ῦς
958 2539 1037 2593 quem
1049 2521 1097 2577 αἱ,
1111 2521 1197 2591 ny.

47 2608 93 2665 slo
111 2636 145 2651 -
155 2608 282 2682 fecerun
299 2623 343 2659 wo
361 2605 407 2660 dis
422 2608 551 2663 Anmerk.
567 2606 759 2667 neehmseheu
774 2605 819 2661 ist.

19 2740 23 2751 ·
118 2712 144 2783 i.
160 2712 188 2767 5.
208 2713 257 2785 qui
270 2713 363 2765 donee.
398 2712 434 2763 8ο
450 2709 578 2763 schlissst
593 2708 655 2764 sich
673 2713 721 2782 qui
737 2708 781 2763 oit
797 2726 833 2763 en
850 2707 897 2763 ein
913 2708 980 2764 dem
991 2710 1195 2785 rosbergeheu·

26 2798 108 2871 ,sien
122 2800 293 2853 concretum
316 2794 551 2865 entspreclrendes
572 2797 760 2851 abstractam.
802 2802 857 2854 eie.
879 2803 910 2851 in
932 2802 1010 2854 Verr.
1029 2798 1082 2869 IV,
1104 2802 1139 2867 6,
1163 2803 1194 2855 Is

47 2890 139 2956 Homo
151 2886 266 2952 nobilis,
283 2887 331 2956 qui
342 2886 470 2937 sacerdos
487 2886 564 2937 Iovis
571 2883 693 2956 fuisset,
709 2882 774 2954 qui
789 2882 861 2937 hou
869 2900 906 2937 os
922 2888 997 2958 apud
1010 2889 1196 2957 Syracusanos

38 2972 303 3045 *amplissimum
326 2973 388 3042 agit
407 2988 517 3023 mesum.
557 2974 656 3025 Iustin.
675 2967 830 3037 v1,l,l:
854 2974 943 3027 Primi
958 2975 1045 3044 igitur
1065 2974 1194 3039 Thebani,

45 3058 249 3117 auxiliantibus
261 3056 488 3123 Atheniensibus,
505 3057 603 3112 beilum
623 3059 669 3111 ln'e
682 3058 815 3119 insisteres
832 3074 925 3127 queo
944 3058 1083 3112 civitas
1099 3080 1133 3115 ex
1152 3064 1195 3115 in·

38 3148 125 3219 fimie
136 3146 307 3201 incrementis
317 3147 419 3197 virture
430 3156 481 3196 ese·
515 3142 629 3207 vano,
647 3144 697 3197 12:
715 3144 873 3215 impuberes,
888 3160 979 3213 quae
996 3152 1097 3197 setas
1110 3150 1196 3201 eriam

25 3243 30 3249 '
45 3236 168 3291 hesum
179 3230 391 3287 mirericordiam
399 3242 550 3300 provocat,
567 3232 627 3282 orie
637 3230 824 3283 admovebant.
865 3233 930 3283 niv.
940 3230 993 3299 Vl,
1008 3232 1060 3299 ³7,
1075 3232 1109 3287 82
1127 3237 1196 3288 Gon·

46 3321 135 3379 semi
152 3322 209 3373 iam
226 3315 462 3384 tribunusplebis,
486 3317 586 3387 quippe
602 3329 693 3384 quse
709 3320 877 3383 potestas
894 3318 951 3369 iam
968 3336 1045 3373 suam
1063 3322 1125 3391 ipsa
1139 3321 1197 3373 vim

39 3406 175 3478 franges.
230 3401 349 3470 XXIII,
374 3404 497 3471 11,10=
526 3403 688 3471 magistrum
710 3404 845 3473 equitum,
874 3417 963 3473 quas
988 3403 1196 3457 consularis

37 3496 216 3563 potestas
232 3493 278 3545 sie.

119 3594 143 3661 5.
159 3594 187 3648 8.
209 3593 375 3663 eundemque
386 3610 522 3663 generum.
564 3594 693 3663 Idemque
712 3588 791 3644 dieat
807 3590 894 3664 dssu,
919 3610 955 3649 su
977 3594 1069 3653 sinsus
1086 3595 1197 3665 Gegan-

46 3678 149 3735 ssanda
164 3677 240 3731 noelr
262 3676 345 3731 musra
367 3693 405 3728 en
426 3676 587 3729 demselbsn
604 3676 740 3729 ebenlalls
755 3694 791 3731 zo
801 3679 1010 3736 beurerlsenden
1022 3680 1126 3753 Begrili
1134 3680 1197 3733 luin-

45 3765 215 3836 susufllgen.
256 3768 339 3817 Gom:
351 3764 423 3836 Nep.
439 3769 502 3818 Gon.
517 3765 551 3831 ξ,
569 3764 603 3817 12
627 3766 727 3835 Iusque
746 3770 905 3823 contulisse
922 3773 962 3824 ssd
978 3768 1197 3831 Pharnabazum,

12 3848 15 3854 ’
46 3868 180 3924 satrapen
194 3854 292 3905 Ioniae
304 3865 332 3904 es
344 3852 465 3919 Indiae,
483 3849 712 3920 eundemque
727 3871 856 3924 generum
869 3860 965 3927 Regis.
1005 3860 1076 3909 Iusr.
1093 3854 1151 3919 Xl,
1168 3853 1195 3918 9,

34 3942 100 3999 '122
118 3942 195 3993 Inter
207 3942 330 4011 captivos
343 3951 495 3992 suenorum
512 3952 649 3995 mererer
668 3958 738 3991 uxor
754 3938 949 4009 sedemque
966 3960 1061 4009 soror,
1078 3940 1197 4011 resilias

47 4030 123 4083 duae
137 4030 221 4081 Darii
237 4026 324 4097 suere.
358 4026 489 4089 XXVIII,
507 4026 538 4092 1,
557 4028 587 4081 1:
610 4027 822 4079 amiseomariso
842 4024 1043 4096 eodemque
1066 4044 1196 4101 germane

22 4159 27 4165 .
39 4113 148 4189 stasne.
194 4112 305 4178 XXIX,
328 4114 363 4177 l,
384 4112 419 4169 2:
450 4123 556 4165 mortuo
576 4113 719 4182 Antigono
743 4124 832 4166 tutore
864 4110 1065 4182 eodemque
1085 4116 1194 4167 vitrico.

46 4198 149 4264 XXX,
164 4198 197 4264 l,
214 4199 247 4254 72
265 4200 357 4251 osona
368 4198 504 4267 Eurydice
520 4215 603 4249 uxore
620 4194 817 4264 sudemque
833 4216 925 4251 sorore
940 4218 1001 4251 sua.
1042 4196 1194 4268 Uebsigsns

10 4279 88 4337 ‘aet
103 4304 187 4355 gener
205 4282 283 4350 lrisr,
300 4282 353 4334 wie
370 4280 417 4335 bei
434 4287 511 4337 vom.
522 4284 592 4353 Nep.
607 4287 691 4337 Pares.
707 4285 722 4338 1
742 4281 792 4335 der
809 4285 1050 4339 Scnweeurmaen·
