2692 4718
467 265 652 327 msuou.
679 263 764 329 mn.
786 268 900 347 xxix.
926 228 1022 333 cti.
1044 269 1076 337 4.
1244 282 1248 292 ·
1286 275 1306 337 3
1334 284 1341 309 ·

182 423 422 497 ‘Macedonico
438 424 655 499 videbantur:
680 422 810 515 quippe
822 427 971 495 terrebat
985 446 1044 495 eos
1057 434 1092 495 et
1104 435 1198 496 vetus
1212 426 1293 495 Ma·
1320 436 1341 499 8

190 529 363 603 codonium
383 524 503 613 virtus,
530 537 564 597 et
584 527 707 596 devicti
730 524 878 607 Orientis
898 529 1028 622 gloria,
1055 537 1089 598 et
1107 524 1292 622 Philippus

188 633 301 703 studio
317 632 501 703 Alexandri
520 629 754 702 aemulationis
772 630 941 721 incensus,
967 656 1071 723 quem
1091 646 1292 727 promptum

187 737 224 805 lu
242 737 353 822 beda,
375 736 644 824 industriumque
659 734 900 825 cognoverant.

184 848 189 863 ’
223 839 330 915 -Cae
355 839 416 909 lv.
464 840 573 931 lgitur
594 838 794 928 Philippus,
821 860 928 929 quum
946 840 1068 909 iterato
1081 842 1217 934 proelio
1239 840 1292 910 vl·
1320 850 1338 912 1

153 958 168 967 ”
187 952 265 1017 clos
284 966 306 1011 a
326 944 450 1017 Poenis
472 944 647 1037 Romanos
671 938 860 1028 didicisset,
887 952 1004 1035 aperte
1024 942 1158 1015 hostem
1179 969 1216 1013 se
1239 942 1294 1013 his

186 1048 380 1139 professus,
406 1056 525 1134 naver,
550 1047 673 1138 quibus
695 1045 730 1113 in
756 1045 889 1119 ltaliam
909 1050 1093 1121 exercitum
1113 1049 1291 1133 traiiceret,

186 1151 358 1231 fabricare
381 1151 505 1242 coepit
552 1151 755 1242 Legatum
748 1148 874 1219 deinde
897 1150 942 1220 ad
964 1152 1224 1222 Hannibalem
1215 1172 1292 1221 run-
1317 1161 1341 1225 2

188 1252 340 1347 gendae
345 1255 512 1325 societatis
530 1257 640 1348 gratia
654 1276 733 1325 cum
748 1232 898 1346 epistolis
911 1255 1028 1325 mittit·
1054 1257 1114 1347 qui
1128 1278 1288 1347 compre·
1317 1265 1338 1328 3

187 1358 332 1443 hensus,
359 1367 393 1428 et
407 1359 451 1427 ad
465 1370 617 1429 senatum
638 1342 841 1450 peiductus,
865 1358 1042 1429 incolumis
1061 1359 1214 1429 dimissus
1229 1367 1291 1447 est,

187 1484 258 1535 non
271 1463 307 1531 in
320 1462 488 1532 honorem
503 1464 611 1557 regis,
637 1461 699 1531 sed
720 1483 763 1530 ne
784 1460 908 1535 dubius
926 1461 1062 1551 adhuc,
1085 1462 1290 1533 indubitatus

187 1560 295 1638 hostis
307 1567 515 1645 redderetur.
558 1564 683 1637 Postea
696 1588 805 1653 vero,
811 1589 917 1656 quum
928 1567 1091 1636 Romanis
1104 1568 1291 1637 nuntiatam
1318 1576 1340 1640 4

188 1681 295 1757 esset,
319 1671 356 1741 iu
376 1671 510 1739 ltaliam
532 1670 735 1762 Philippum
760 1670 878 1765 copias
905 1673 1139 1757 traiecturum,
1163 1670 1290 1741 Laevi-

159 1820 165 1834 ·
188 1796 273 1845 num
300 1785 493 1866 praetorem
517 1796 595 1845 cum
623 1775 789 1845 iashuctis
810 1770 951 1845 navibus
970 1775 1016 1845 ad
1035 1773 1291 1868 prohibendum

186 1871 361 1957 transihun
373 1879 517 1947 mittunt
534 1872 614 1962 Qui
628 1900 732 1968 quum
748 1878 784 1945 in
795 1877 978 1949 Graeciam
992 1880 1184 1963 traiecisset,
1193 1878 1288 1949 mul-
1316 1882 1338 1951 5

146 1990 149 1995 '
188 1981 232 2050 tis
246 1982 417 2075 promissis
435 1983 582 2074 impellit
596 1982 738 2054 Aetolos
759 1982 889 2055 bellum
911 1984 1071 2071 adversas
1089 1983 1292 2078 Philippum

149 2206 155 2251 ’·
189 2220 301 2273 samoni
315 2224 384 2270 etatt
399 2216 497 2290 quibus
512 2215 643 2287 gelesen3
666 2216 787 2271 welches
802 2216 918 2271 letatere
933 2217 963 2270 1ιι
980 2218 1045 2273 sehr
1067 2216 1159 2275 vielen
1176 2218 1253 2273 alten
1269 2219 1342 2272 Aus-

168 2302 281 2373 'gaben
301 2304 382 2357 steht.
427 2303 490 2354 Dies
511 2303 548 2353 ist
564 2302 714 2355 sicherlieh
737 2302 782 2356 die
799 2303 918 2375 richtige
934 2307 1049 2374 Leuat,
1064 2305 1161 2359 tndem
1176 2311 1288 2363 samoni
1304 2322 1341 2358 an

154 2374 585 2445 -'un2erersie11ehesonders
608 2389 698 2442 durch
722 2389 768 2447 die
788 2391 966 2462 Bernerkung
987 2392 1145 2447 verworfen
1169 2393 1253 2462 wird,
1279 2393 1341 2454 dese

187 2474 277 2527 lustin
294 2474 368 2529 diese
385 2475 508 2529 Partihel
525 2475 629 2529 immer
645 2493 700 2529 nur
716 2476 770 2530 mit
787 2477 852 2530 dem
871 2479 1039 2544 Coniunctis
1055 2479 1211 2536 verhindet.
1227 2464 1230 2469 ⁸
1245 2479 1343 2552 Vergl.

190 2566 316 2634 vl11,1,
339 2567 388 2629 103
414 2565 833 2631 xl11,5,15;xv111,1.5.
867 2562 1080 2634 XXXVlll,4,
1099 2568 1142 2623 16.
1160 2596 1195 2606 ·-
1221 2566 1272 2622 Die
1288 2568 1343 2621 Re·

143 2680 145 2699 .
190 2646 304 2701 densant
320 2654 350 2703 in
367 2654 516 2705 cervicibus
534 2670 592 2704 esse
610 2650 681 2705 wird
698 2651 841 2705 entweder
856 2669 914 2704 von
931 2652 996 2705 dem
1012 2653 1185 2725 gebraucht,
1208 2671 1264 2706 was
1280 2658 1343 2710 salar

188 2738 263 2790 nabe
276 2739 332 2805 iai,
347 2737 400 2790 wie
417 2742 479 2793 Liv.
493 2738 595 2802 XLIV,
612 2734 663 2808 49,
681 2741 718 2796 7:
741 2745 849 2809 Quanto
866 2742 938 2795 enim
945 2741 1064 2812 faaib'ue
1078 2744 1154 2796 abibe
1165 2741 1244 2815 fuit,
1261 2763 1334 2816 qua«

185 2824 284 2895 procul
303 2825 469 2889 adessemus,
488 2844 570 2898 quam
588 2845 675 2895 nune,
702 2848 785 2902 quum
810 2824 849 2877 in
874 2827 1084 2883 cervicibus
1101 2831 1238 2895 inmun
1263 2828 1342 2895 oder,

189 2906 243 2960 wie
256 2924 284 2961 er
301 2911 375 2963 auch
392 2928 429 2963 an
446 2928 562 2964 unserer
579 2913 663 2967 Stelle
679 2910 851 2986 genomrnen'
873 2913 987 2967 werden
1003 2914 1097 2984 kann,
1112 2934 1169 2971 von
1187 2917 1266 2985 dem,
1283 2938 1343 2984 was

187 2999 337 3068 gleichsam
351 2986 395 3054 ale
408 3004 469 3054 eine
480 3006 551 3054 Last
564 3002 620 3075 auf
627 3022 678 3057 une
693 3004 778 3074 liegt,
794 2999 848 3053 wie
862 3005 925 3057 aiv.
938 3004 1035 3071 XXll,
1050 3006 1096 3076 83,
1114 3008 1148 3064 6:
1166 3008 1230 3064 Etsi
1244 3000 1341 3067 bellum

188 3089 287 3155 ingene
301 3085 339 3137 in
356 3087 456 3142 cervi
465 3088 569 3141 cibus
586 3104 664 3154 erat,
682 3091 784 3143 nullius
794 3108 908 3161 usquam
920 3104 1056 3147 terrarum
1071 3099 1113 3149 rei
1124 3118 1191 3150 cura
1202 3103 1341 3157 Romanas

152 3196 155 3203 ·
187 3190 224 3226 ue
240 3173 392 3247 longinqua
411 3176 536 3247 quidem,
553 3177 713 3248 effugiebat·
754 3173 853 3233 Daher
869 3175 1339 3254 euchbei0i0.0ai.ltt,717:

187 3259 345 3331 nonfaaile
367 3265 439 3317 lianc
461 3276 569 3316 tantam
595 3265 690 3318 molem
719 3265 787 3318 mali
803 3279 821 3315 a
839 3263 1054 3320 cervicibus
1070 3270 1210 3324 vestris
1230 3272 1339 3344 depu-

185 3336 371 3400 liae'enn-
400 3351 505 3399 Femer
528 3348 662 3403 hemerke
685 3366 752 3402 man
770 3365 798 3403 et
815 3366 866 3401 vor
886 3353 1024 3420 Annibal,
1048 3353 1184 3408 wodurch
1201 3360 1339 3414 Hannibal

185 3448 244 3484 von
261 3432 315 3485 den
332 3435 456 3487 Pnniern
472 3434 552 3487 nicht
566 3435 796 3509 ausgeschloseen
811 3435 891 3490 wito.
926 3442 964 3490 Ει
980 3437 1085 3491 dieat
1075 3457 1114 3493 ιιι
1112 3443 1245 3499 salchem
1262 3448 1339 3519 Falla

145 3552 167 3587 ρ
185 3535 236 3571 aur
252 3522 475 3592 llervorhebung
494 3522 558 3579 ¹und
582 3522 651 3575 liisst
673 3523 734 3576 rich
757 3524 832 3576 deun
848 3523 990 3578 bimoilen
1009 3520 1144 3580 durch
1115 3545 1144 3584 et
1161 3538 1278 3591 maxima
1293 3553 1337 3589 er.

184 3600 302 3676 hliiren,
328 3609 380 3662 wie
401 3612 455 3663 Cic·
478 3614 537 3664 Cat.
556 3612 589 3676 Ι,
605 3612 641 3679 5,
661 3614 710 3666 11.·
733 3616 840 3685 Magna
859 3615 914 3665 diis
937 3615 1133 3671 immortalibus
1152 3622 1277 3677 habenda
1295 3641 1337 3680 est

143 3756 147 3769 μ
184 3697 282 3764 gratia
302 3702 410 3765 atque
433 3700 498 3751 buia
519 3701 573 3771 ipsi
593 3702 656 3753 Ioui
677 3702 794 3753 Statori.
837 3697 1004 3770 Vergleieho
1020 3707 1122 3759 lustin.
1137 3708 1234 3778 XXX,
1252 3712 1288 3775 3,
1304 3714 1336 3768 2:

185 3784 288 3833 Poenis
305 3789 339 3832 et
354 3785 491 3838 Annibale
503 3800 642 3856 snperato.

143 3864 147 3869 ’
259 3867 323 3923 Cur.
341 3869 387 3921 IV.
413 3871 436 3937 ᾗ.
452 3872 479 3924 8.
504 3873 542 3925 ad
559 3886 685 3926 senatum
697 3866 858 3945 perductus.
899 3871 985 3925 Nicht
996 3879 1163 3946 productas,
1181 3878 1234 3933 wie
1250 3881 1281 3935 in
1298 3884 1338 3936 ei-

185 3948 272 4020 nigen
289 3955 435 4026 Ausgahen
458 3956 541 4009 steht.
584 3955 631 4009 nei
642 3961 793 4030 producere
815 3958 902 4012 denkt
919 3976 986 4014 mun
1003 3979 1040 4012 an
1057 3960 1112 4015 den
1139 3971 1203 4034 Ort,
1227 3990 1281 4025 von
1297 3993 1339 4029 φο

186 4056 257 4104 aus,·
275 4039 321 4092 hei
335 4046 482 4114 perducere
498 4042 554 4096 den
571 4048 636 4111 ort,
653 4047 744 4099 wolin
760 4042 878 4096 Jomand
893 4044 1010 4115 geliihrt
1026 4047 1104 4102 iiird.
1144 4051 1269 4110 Errteree
1285 4059 1339 4113 lin.

185 4124 236 4176 det
253 4126 315 4180 hier
330 4129 407 4201 nicht
422 4138 499 4186 statt.
537 4134 602 4185 Liv.
620 4131 661 4198 V,
681 4132 732 4197 15,
749 4133 781 4186 8:
807 4137 955 4205 quiquam
972 4133 1176 4203 perductus
1195 4144 1233 4195 ad
1253 4147 1338 4218 impe.

186 4226 322 4280 ratorem,
339 4218 403 4270 inde
415 4224 531 4272 Romam
546 4220 717 4275 adsultatum
729 4221 827 4276 missus
843 4235 924 4289 aaut,
941 4236 984 4274 wo
998 4224 1193 4281 Drakenborch
1207 4229 1337 4288 mehrere

187 4297 322 4369 heispiele
338 4302 465 4357 antithrt.
