2692 4718
364 262 553 325 meroe
571 260 665 325 ure.
684 261 753 327 xv.
781 261 881 329 cnr.
905 270 937 331 a
1019 338 1023 351 ,
1068 326 1071 337 ,
1150 268 1214 335 ase

13 508 16 513 Ι
52 419 125 491 sed
133 426 287 513 propter
301 417 795 533 diguitntnninissebellumc
809 418 1050 513 indigentum,
1064 424 1162 517 quod

53 525 280 617 Antigonus,
307 523 457 592 devictis
478 525 646 593 diversae
661 504 839 618 factionis
864 524 1042 617 ducibus,
1063 529 1163 599 anun

53 628 253 698 commutis
266 629 438 697 victorine
446 628 619 719 proemia
633 628 869 721 corripuisset.

109 730 198 800 Gar.
224 732 269 799 ll.
319 730 411 799 Dum
426 730 516 801 haec
530 743 693 823 aguntur,
712 732 899 803 Cussmder
913 731 958 801 ub
971 730 1160 825 Apollonia
1191 746 1208 807 1

53 834 209 921 rediens,
233 834 351 913 incidit
362 838 396 904 in
408 836 615 919 Autariatae,
642 836 717 925 qui,
742 845 886 927 propter
905 858 1061 907 ranarum
1082 862 1164 909 mu-

54 941 216 1028 riamque
238 939 486 1008 multitudinem
512 939 633 1009 relicto
663 940 794 1030 patriae
814 940 908 1027 solo,
940 940 1039 1010 sedes
1056 965 1171 1011 norm-

55 1042 284 1133 quaerebante
317 1044 461 1127 veritus,
487 1066 531 1112 ne
557 1042 800 1113 Macedoniam
821 1054 1045 1135 occuparent,
1072 1046 1165 1117 faeta
1190 1059 1213 1119 2

55 1147 219 1239 pactione
240 1148 276 1214 in
298 1148 495 1217 societatem
518 1169 577 1216 eos
598 1147 735 1238 recipit3
767 1169 937 1239 agrosque
961 1149 1002 1219 iis
1025 1150 1162 1221 ultimos

55 1248 288 1320 Macedoniae
306 1250 462 1341 assignat.
514 1250 666 1336 Deinde,
697 1274 741 1321 ne
759 1250 945 1337 Hercules,
976 1253 1164 1323 Alexandri
1189 1269 1213 1329 3

56 1352 167 1439 filius,
187 1355 246 1444 qui
260 1355 333 1423 fere
346 1376 451 1422 annos
464 1353 723 1445 quatuordecim
740 1364 945 1441 excesserat,
965 1357 1084 1427 favore
1097 1374 1165 1449 pa-

55 1459 147 1527 terni
172 1459 318 1527 neminis
335 1458 372 1525 in
397 1481 543 1550 reguum
564 1458 794 1530 Macedoniae
822 1468 1019 1544 vocaretur,
1051 1462 1167 1532 occidi

59 1584 140 1631 eum
159 1564 260 1630 tacite
284 1584 364 1633 cum
385 1573 492 1631 matre
510 1564 649 1632 Barsine
672 1563 783 1649 iubet,
810 1584 1027 1654 corporaque
1045 1588 1165 1635 eorum

57 1676 150 1736 terra
166 1660 281 1750 obriti,
305 1688 349 1734 ne
363 1666 485 1737 caedes
502 1666 676 1756 sepultura
689 1666 910 1758 proderetur3
935 1677 969 1736 et
988 1669 1166 1761 quasi-pa-
1190 1679 1214 1743 4

57 1792 136 1839 rum
155 1770 315 1839 facinoris
334 1771 369 1837 in
390 1771 464 1859 ipso
487 1770 636 1859 primum
656 1792 760 1862 rege,
793 1792 874 1838 ιιιοιι
899 1770 934 1837 in
959 1780 1069 1840 matre
1093 1773 1164 1841 eius

58 1872 272 1965 Olympiade
285 1896 328 1943 ac
339 1874 410 1940 lilio
426 1872 627 1956 admisisset,
653 1873 798 1942 alterum
812 1896 950 1963 qnoque
961 1875 1070 1943 filium
1087 1897 1164 1945 cum
1191 1883 1214 1951 6

57 1988 169 2047 matre
183 1980 328 2047 Roxane
341 1977 418 2069 pari
431 1976 554 2046 fraude
567 1976 744 2047 interficit:
769 1977 900 2048 scilicet
913 1978 1010 2067 quasi
1022 1978 1167 2071 reguum

53 2080 306 2168 Macedoniae,
327 2080 421 2170 quod
438 2080 634 2166 affectabat,
661 2080 758 2149 aliter
774 2082 947 2171 consequi,
973 2104 1077 2170 qnam
1090 2105 1168 2153 see-

57 2184 133 2253 lera
147 2206 217 2253 non
227 2194 354 2277 posset
393 2186 525 2253 Interea
540 2185 757 2255 Ptolemaeus
774 2208 853 2254 cum
868 2185 1045 2255 Demetrio
1057 2186 1168 2256 navali
1194 2200 1216 2261 6

57 2288 216 2381 proelio,
241 2289 363 2357 iterato
387 2288 624 2382 congreditur3
659 2296 694 2357 et
714 2291 836 2356 amissa
858 2289 983 2377 classe,
1008 2288 1168 2379 hostique

58 2414 222 2465 concana
234 2393 391 2478 victoria,
415 2394 451 2461 in
465 2395 664 2484 Aegyptum
680 2391 820 2485 refugit.
852 2390 1167 2463 Demetriusfilium
1193 2406 1216 2467 7

56 2496 252 2589 Ptolemaei
266 2498 499 2581 Leontiscum,
526 2504 559 2563 el
572 2495 710 2565 fratrem
727 2495 945 2581 Menelaum,
971 2496 1167 2586 amicosque

59 2602 135 2671 eius
158 2624 237 2672 cum
260 2602 383 2693 privati
410 2599 618 2669 instrumenti
634 2600 836 2688 ministerio,
862 2597 938 2691 pari
961 2611 1167 2689 provocatus

59 2716 332 2791 auteamunere,
358 2707 560 2797 Aegyptum
575 2704 730 2772 remittit:
753 2712 804 2791 et,
829 2712 869 2771 nt
881 2712 1081 2796 appareret,
1102 2726 1168 2775 ecs
1193 2716 1216 2781 8

58 2830 132 2879 non
156 2810 258 2894 odio,
284 2809 344 2877 sed
367 2810 542 2901 dignitatis
562 2807 677 2899 gloria
699 2828 876 2893 accensos,
902 2808 1001 2875 donis
1020 2808 1169 2877 muneri-
1257 2848 1271 2885 0

58 2914 193 3003 busque
213 2912 300 2979 inter
318 2913 392 3003 ipsa
419 2913 512 2981 bella
536 2911 798 2980 contendebant.
831 2930 834 2935 ·
856 2910 971 2980 Tanto
992 2910 1167 2982 honestius
1194 2923 1217 2986 9

58 3026 144 3088 tunc
171 3016 265 3085 bella
290 3016 514 3108 gerebantur,
546 3038 650 3105 quam
684 3036 774 3084 nuuc
804 3012 973 3085 amicitiae
1004 3016 1191 3089 coluntur·

58 3122 142 3193 Hae
168 3119 309 3190 victoria
334 3120 441 3189 elatus
464 3118 656 3210 Antigonus
686 3140 806 3210 regem
827 3142 862 3187 se
895 3141 973 3187 cum
992 3118 1219 3211 Demetrium

58 3226 139 3297 filio
161 3224 332 3315 appellari
354 3248 375 3291 a
393 3225 526 3315 populo
547 3224 652 3295 iubet.
704 3223 921 3299 Ptolemaeus
942 3245 1099 3313 quoque,
1123 3235 1215 3298 nell

58 3329 202 3401 minoris
224 3327 317 3418 apud
340 3350 417 3395 suos
437 3326 641 3397 auctoritatis
663 3323 866 3410 baberetur,
891 3349 952 3395 rex
964 3327 1007 3396 ab
1022 3327 1170 3397 exercitu

60 3432 333 3555 cognominatur
385 3431 517 3515 Quibus
532 3427 669 3514 auditis,
695 3428 886 3499 Cassander
899 3430 1219 3523 ethysimacbuslss

12 3538 19 3557 '
61 3538 127 3608 et
117 3534 327 3631 rpsiregiam
345 3535 409 3603 sibi
422 3534 630 3603 maiestatem
652 3532 915 3605 vindicavemnt.
951 3534 1080 3637 Huius
1099 3533 1168 3604 bo'-
1172 3546 1218 3609 13

17 3774 20 3781 '
61 3771 286 3842 xxo,1n,5=
316 3769 475 3825 Hannibale
495 3766 593 3822 omni
610 3784 734 3822 rerum
749 3785 780 3826 et
794 3770 997 3825 verborum
1014 3771 1156 3827 benere
1170 3792 1223 3829 er·

30 3838 177 3933 ‘nquius
200 3861 368 3923 celebrante,
391 3872 424 3911 er
448 3855 551 3909 ieierte
574 3855 624 3907 das
644 3855 1053 3929 Lsichenbegiingnirsiudem
1075 3876 1109 3913 er
1131 3858 1223 3919 durch

62 3946 140 4001 'l'bat
155 3945 216 3999 und
233 3947 317 3999 Wert
333 3944 409 3996 aeine
428 3940 677 4014 Ehrenbeueigung
699 3943 888 4010 amdriiclrtea
915 3945 1176 4016 arv.xxvr1t‚4,
1193 3948 1223 4020 2,

64 4038 180 4109 Scipio,
194 4034 360 4089 muloudaro
366 4034 478 4103 fratrs,
494 4050 587 4103 quana,
604 4042 708 4101 quanto
722 4045 832 4101 neuras
848 4031 1051 4089 verborum
1065 4030 1222 4092 benere:

65 4124 233 4195 Ourtbugini
243 4122 277 4175 ab
293 4140 324 4173 ae
338 4132 437 4191 coptos
457 4130 567 4189 coptam
579 4117 614 4171 ab
632 4136 666 4171 so
686 4120 804 4191 oningin
814 4131 960 4189 aequasset
974 4125 1047 4185 etc-3
1072 4120 1224 4189 xxxvn,

63 4209 117 4277 87,
133 4210 169 4267 8:
185 4206 331 4263 Iliensebm
347 4204 384 4259 in
400 4202 502 4258 omni
518 4218 644 4259 rerum
660 4202 857 4259 verborum
872 4202 1015 4258 honore
1031 4204 1068 4261 ab
1080 4224 1112 4265 aa
1127 4209 1222 4264 niuri-

62 4298 117 4355 ὼε
128 4302 269 4353 Romarm
279 4292 508 4369 praeferentibus·
924 4365 972 4439 16
987 4342 1015 4418 *,
1086 4316 1089 4321 ·
