2692 4718
243 320 248 328 ,
297 255 478 346 rosrrm
499 226 686 320 m'sroa.
714 255 801 358 uro.
821 257 919 321 xxu.
946 256 1039 321 oar.
1060 262 1094 327 a.
1222 262 1285 325 aar

187 414 279 485 ciniis
305 415 454 485 mutavit
512 414 692 484 Interiectu
720 422 896 506 tempore,
921 428 1026 505 quum
1052 414 1234 509 Syracusas
1262 425 1283 487 6

187 520 364 605 reessisset,
391 518 604 607 adscitasque
632 520 669 586 in
691 518 861 588 civitatem
882 519 967 587 inter
987 520 1115 590 incolas
1137 529 1233 605 esset,

186 648 194 693 ι
210 623 280 691 sine
293 622 363 690 lide
384 622 467 703 futu
490 623 651 711 quoniam
664 644 730 692 neo
742 621 778 690 in
791 622 934 690 fortunis
946 624 1041 713 quod
1057 625 1233 707 amrtteret,
1261 633 1284 695 7
1324 622 1330 636 “

185 729 248 797 cin
271 725 476 795 verecundia
493 726 589 814 quod
612 726 817 814 inquinaret,
838 722 968 795 habere
982 727 1175 795 videbatur:
1189 727 1235 795 ·in
1262 735 1283 798 8

185 853 282 913 nmo,
307 829 501 921 gregariam
515 820 668 898 militiam
682 830 832 915 sortitus,
849 851 918 897 non
929 830 1037 897 minus
1051 840 1132 900 tuno
1143 831 1235 898 sedi-

184 956 219 1002 sa
241 955 343 1022 quam
367 942 465 1001 antea
485 933 576 1023 turpi
600 934 686 1017 vita,
711 931 747 998 in
760 955 867 1027 omne
880 933 1008 1003 facinus
1023 935 1235 1025 promptissi-

183 1059 209 1104 ιε
230 1046 310 1106 erat.
357 1037 445 1104 Nam
463 1044 496 1104 et
514 1059 615 1103 manu
630 1046 800 1120 strenuus,
827 1046 861 1103 et
874 1036 907 1102 in
921 1039 1140 1109 concionibus
1155 1061 1237 1127 per·
1265 1047 1285 1106 9

183 1139 299 1208 :nodus
314 1138 513 1208 habebatur.
566 1139 669 1206 Brevi
690 1140 803 1225 itaque
817 1142 986 1224 centurio,
1013 1122 1054 1210 ao
1075 1140 1289 1230 deinceps10.

182 1245 285 1312 bunns
307 1243 449 1309 militum
471 1243 581 1310 factus
605 1252 664 1312 est.
714 1241 834 1309 Primo.
855 1243 951 1311 bello
976 1244 1135 1315 adversus
1152 1246 1284 1323 Aet-11

181 1369 235 1417 eos
256 1370 380 1436 magna
395 1346 624 1437 experimenta
639 1344 689 1413 sui
704 1344 919 1434 Syracusanis
934 1347 1037 1418 dedit.
1076 1347 1288 1435 Sequenti12

180 1441 387 1541 imperiorum
401 1460 528 1516 tantam
549 1449 593 1516 de
607 1471 643 1516 se
659 1471 755 1538 spem
770 1449 925 1516 omnibns
939 1450 1039 1535 fecit,
1065 1460 1102 1518 ut
1124 1451 1159 1517 in
1183 1451 1236 1517 lo-

180 1579 212 1622 m
233 1554 401 1621 demortui
426 1553 521 1621 ducis
540 1552 761 1645 Damasconis
784 1552 1009 1621 sufficeretur:
1036 1555 1130 1622 cuius
1150 1564 1286 1625 uxo-13

178 1682 206 1724 m
224 1655 391 1724 adulterio
407 1656 578 1748 cognitam
594 1664 674 1746 post
690 1664 834 1722 mortem
856 1657 918 1723 viri
940 1658 975 1724 in
989 1658 1239 1728 matrimonium
1320 1661 1325 1681 ¹

177 1762 273 1851 cepit
324 1761 398 1837 Nec
412 1768 605 1842 contentus,
631 1758 726 1846 quod
741 1781 783 1827 ex
798 1759 903 1850 inope
920 1752 1060 1850 repente
1077 1760 1169 1829 dives
1183 1752 1286 1833 ta-1lt

177 1887 208 1933 us
224 1870 325 1947 esset,
351 1863 526 1955 piraticam
542 1862 699 1930 adversus
714 1862 857 1953 patriam
871 1864 1027 1933 exercuit.
1080 1863 1190 1933 Saluti
1205 1865 1286 1936 ei15

176 1969 219 2056 it,
245 1967 341 2056 quod
363 1967 446 2037 socii
469 1967 561 2056 capti
582 1967 730 2054 tortique
759 1966 804 2033 de
823 1966 884 2034 illo
908 1972 1124 2059 negaverunt.
1176 1968 1295 2061 Busae

174 2071 507 2165 nupareimperium
528 2070 769 2160 Syracusarum
792 2069 913 2140 voluit:
946 2072 998 2140 bis
1027 2074 1063 2139 in
1085 2071 1236 2151 exsilium

173 2186 228 2244 tus
244 2187 302 2246 est.
638 2190 643 2202 ·
782 2204 785 2209 ·

172 2278 273 2353 ,Gan
298 2277 343 2347 ll.
395 2280 429 2348 A
448 2276 695 2371 Murgantinis,
722 2277 816 2370 apud
836 2299 921 2367 quos
941 2277 1128 2365 exsulabat,
1155 2278 1235 2346 odio
1266 2288 1284 2350 1

172 2388 442 2464 iracusan'ornm,
468 2382 578 2473 primo
593 2392 750 2476 praetor,
777 2403 856 2450 mox
871 2382 940 2449 dux
954 2385 1095 2457 creatur.
1136 2381 1177 2450 ln
1193 2405 1235 2451 eo
1264 2393 1287 2454 2

170 2487 231 2557 allo
248 2487 412 2556 eturbem
428 2486 671 2564 Leontinorum
695 2487 806 2577 capit,
834 2495 868 2552 et
888 2485 1032 2576 patriam
1057 2508 1151 2561 suam
1170 2486 1238 2577 Sy·-

169 2614 269 2663 ousas
283 2589 439 2663 obsidere
454 2593 585 2683 coepit:
611 2591 655 2659 ad
673 2592 766 2659 cuius
782 2590 942 2687 auxilium
957 2588 1144 2674 Hamilcar,
1168 2590 1239 2660 dux
1266 2599 1287 2661 3

168 2719 347 2786 oenorum,
372 2686 586 2786 imploratus,
613 2695 775 2787 depositis
797 2693 975 2761 hostilibus
1001 2693 1104 2780 odiis,
1128 2694 1239 2787 prae-

168 2799 221 2869 dia
240 2801 385 2870 militum
400 2799 509 2871 mittit.
558 2801 611 2868 lta
625 2822 692 2869 uno
708 2799 899 2888 eodemque
919 2806 1075 2917 tempore
1090 2799 1240 2889 Syracu·
1267 2807 1290 2872 4

167 2930 193 2974 te
209 2915 243 2974 et
259 2906 304 2974 ab'
320 2899 438 2989 hoste,
463 2903 555 2975 civili
576 2927 691 2974 amore
707 2902 883 2985 defensam
909 2911 943 2971 et
962 2927 983 2970 a
1007 2902 1099 2990 clue,
1124 2903 1263 2972 hostili.

166 3008 219 3078 tin
236 3010 458 3103 impugnatae
484 3016 570 3077 sunt.
627 3007 699 3078 Sed
723 3006 954 3101 Agathocles,
980 3030 1084 3097 quum
1110 3008 1240 3083 videret
1267 3015 1289 3088 5

165 3108 254 3183 trtius
269 3113 409 3184 delendi
422 3114 565 3202 urbem,
585 3137 689 3204 quam
705 3112 918 3205 oppugnari,
938 3114 1097 3203 precibus
1111 3136 1175 3203 per
1191 3115 1242 3181 in·
1285 3190 1289 3195 ,

164 3218 319 3301 nnuntios
332 3204 563 3287 Hamilcarem
580 3226 713 3302 exorat,
740 3228 777 3285 nt
798 3218 882 3285 inter
897 3239 932 3284 se
951 3226 989 3285 ¹et
1010 3217 1240 3305 Syracusanos
1275 3305 1278 3312 ¹

164 3324 231 3391 acis
246 3322 382 3390 arbitria
396 3321 573 3413 suscipiat,
598 3321 784 3412 peculiaria
806 3321 842 3387 in
865 3319 975 3411 ipsum
991 3320 1108 3389 officia
1120 3322 1169 3390 sui
1183 3345 1240 3390 re-

162 3426 344 3495 romittens.
395 3425 473 3521 Qua
485 3425 715 3525 spe'impletus
727 3425 921 3512 Hamilcar,
947 3425 1142 3495 societatem
1160 3416 1239 3496 oum
1268 3438 1290 3500 6

206 3593 272 3647 Gna.
291 3597 323 3646 ll.
346 3592 371 3660 §-
387 3584 415 3648 5'.
442 3593 539 3666 officia
554 3596 608 3669 arei.
654 3581 719 3644 Man
742 3592 823 3646 sollte
848 3593 897 3647 dar
920 3594 1081 3646 Pronomen
1105 3593 1293 3647 Possessirum

161 3698 188 3735 ra
209 3682 365 3743 erwartenr
389 3678 448 3731 und
472 3695 504 3733 ro
528 3679 624 3733 warde
648 3680 722 3733 auch
746 3680 870 3733 ehemala
886 3680 949 3733 hier
973 3681 1104 3753 geleren3
1130 3682 1174 3732 die
1193 3681 1294 3732 Hand-

160 3764 275 3821 dritten
292 3764 352 3818 und
370 3764 446 3818 alten
464 3764 611 3838 turgaten
628 3767 760 3820 rtimman
776 3769 845 3821 alter
862 3767 910 3820 fur
927 3771 980 3822 aui.
1020 3768 1161 3820 Birweilen
1178 3769 1295 3822 werden

160 3851 263 3906 tmlieh
285 3851 331 3914 die
355 3853 656 3924 Personalpronornina
679 3855 753 3907 auch
776 3864 843 3908 statt
861 3855 912 3908 der
928 3854 1081 3907 Porsesaira
1098 3864 1221 3925 gemtum
1238 3855 1295 3909 wie

158 3942 290 4006 XXVII,
301 3941 336 4007 2,
354 3941 389 3996 ³:
412 3943 486 3996 Nam
503 3957 532 3996 et
551 3945 741 4015 magnitudine
756 3942 812 3994 aui
827 3959 955 4014 quartam
968 3955 1075 4014 partem
1093 3943 1162 3995 coelt'
1178 3960 1297 4015 occupa·

158 4041 215 4083 ναι
234 4040 263 4079 at
277 4026 392 4098 fulgora
408 4026 466 4078 aui
482 4031 550 4084 oolla
569 4033 684 4084 nitorem
703 4032 822 4094 vicerat,
845 4045 889 4080 wo
913 4026 958 4078 dic
975 4030 1154 4100 Anmerkuag
1170 4026 1297 4079 uacluru-

157 4108 223 4165 tlre'n
240 4110 284 4165 iet.
324 4111 376 4164 Die
397 4101 505 4183 Stella,
527 4115 633 4170 welche
656 4115 726 4168 aber
749 4116 818 4170 Abr.
841 4121 952 4170 Gronov
969 4127 1006 4164 an
1024 4111 1075 4165 der
1092 4113 1225 4203 unsripen
1246 4130 1299 4165 an·

157 4196 231 4265 llrrt,
257 4195 382 4266 gehdren
399 4199 479 4253 nicht
494 4187 624 4272 hiether,
650 4202 720 4256 ader
744 4200 857 4256 werden
880 4202 949 4269 jetrt
970 4199 1071 4256 andere
1088 4194 1216 4285 galcam,
1243 4200 1298 4265 wie

156 4289 192 4343 to.
210 4291 270 4346 cer,
284 4284 341 4358 tv,
358 4281 391 4351 4,
408 4285 436 4348 t,
875 4277 885 4311 ·’
