2692 4718
94 282 163 349 220
544 272 818 343 lustrat

97 444 121 507 4
147 437 226 502 reta
240 438 291 504 est
307 432 424 525 portio
437 432 538 525 regni
550 430 734 513 Alexandri
745 430 838 521 lilio,
861 430 999 507 sinatur
1014 438 1111 504 enee
1129 443 1134 456 '
1149 430 1249 505 llaec

147 538 314 629 agebunt,
338 536 451 628 posito
464 537 499 605 in
514 537 630 614 medio
645 559 794 629 corpore
804 536 1009 627 Alexandri,
1034 544 1075 606 ut
1094 536 1250 607 maiestas

96 648 119 712 6
146 641 217 709 eius
236 640 328 708 testis
350 641 565 711 decretorum
585 648 681 709 esset
729 640 796 709 His
815 640 864 709 ita
883 640 1099 733 compositis,
1124 638 1250 712 Mace-

144 742 271 813 douiae
290 752 325 812 et
345 744 513 823 Graeciae
532 745 711 837 Antipater
730 745 969 835 praeponitur:
998 742 1118 835 regiae
1138 766 1250 835 pecu-

144 848 222 916 niae
245 846 402 917 custodia
424 846 567 917 Cratero
583 849 743 916 traditur:
776 856 979 936 castrorum,
1005 846 1190 933 exercitam,
1212 856 1251 917 et

93 958 118 1025 6
143 972 257 1022 rorum
285 971 367 1019 cura
390 950 574 1043 Meleagro
593 958 628 1019 et
650 951 838 1021 Perdiccae
860 950 1064 1043 assignatur:
1093 950 1249 1041 iubetur-

146 1077 214 1144 que
227 1053 393 1125 Aridaeus
407 1076 467 1121 rer
483 1076 607 1146 corpus
621 1054 804 1123 Alexandri
820 1054 856 1122 in
867 1055 1069 1135 Hammonis
1080 1056 1249 1147 templum

93 1164 117 1228 t
146 1156 330 1231 deducere.
382 1158 484 1231 Tunc
504 1157 668 1239 Perdicca
688 1156 836 1229 infensus
856 1157 1027 1227 seditionis
1043 1160 1248 1247 auctoribus,

87 1334 90 1339 ,
145 1270 307 1352 repente,
334 1261 456 1353 ignaro
486 1263 641 1355 collega,
674 1261 907 1330 lustrationem
933 1272 1137 1347 castrorum,
1161 1286 1249 1353 pro-

93 1372 115 1435 8
142 1375 221 1456 pter
243 1374 387 1434 mortem
407 1366 515 1458 regis,
541 1366 577 1433 in
604 1374 777 1455 posterum
804 1364 917 1435 edicit
975 1365 1160 1453 Postquam
1190 1380 1251 1435 err-¹

143 1477 273 1538 natum
289 1468 471 1538 exereitum
485 1470 520 1537 in
535 1490 661 1559 campo
679 1467 865 1555 constituit,
878 1468 1160 1545 consentientibus
1172 1469 1248 1539 uni·

142 1572 263 1658 rersis,
289 1582 449 1642 evocatos
466 1572 548 1641 dum
565 1572 698 1655 transit,
724 1571 770 1639 de
789 1572 931 1663 singulis
949 1571 1130 1662 manipulis
1152 1572 1248 1647 sedi-

92 1683 116 1747 9
143 1676 246 1745 tiosos
269 1677 437 1767 supplioio
458 1676 547 1743 tradi
566 1675 701 1746 occulte
714 1674 832 1749 iubet,
869 1676 1038 1743 Reversus
1055 1674 1138 1743 inde
1158 1666 1255 1753 inter'

143 1778 314 1871 principes
331 1779 520 1870 provincias
534 1778 672 1863 dividit,
699 1778 796 1846 simul
816 1787 855 1845 ut
875 1784 909 1846 et
923 1788 1114 1847 removeret
1127 1797 1261 1849 aemu-'

95 1884 214 1967 tolos,
242 1876 410 1951 et'munus
426 1883 577 1972 imperii,
601 1881 758 1949 beneficii
771 1881 972 1956 suilaoeret
1023 1881 1139 1951 Prima
1158 1884 1255 1962 Ιίιι-Ι

142 1987 277 2055 lemaeo
290 1988 490 2079 Aegyptus,
516 1993 550 2055 et
567 1984 707 2055 Africae
725 1985 942 2075 Arabiaeque
953 2006 1051 2078 pars,
1071 1995 1167 2063 sorte
1183 2011 1247 2059 re-

90 2240 135 2295 dii
151 2238 389 2293 consensisse
407 2238 446 2294 in
465 2240 616 2296 exitium
633 2232 839 2313 parricidarum
855 2240 1026 2298 riderentur.
1059 2228 1124 2297 Lei».
1140 2242 1254 2311 XXVI,

89 2327 212 2392 36,10=
239 2324 279 2379 la
301 2326 394 2381 hacc
415 2344 495 2384 tanto
517 2334 608 2386 animo
630 2345 849 2383 consensum
867 2338 936 2395 cst,
959 2344 993 2384 ut
1009 2344 1061 2386 ete.
1083 2330 1140 2395 IX,
1157 2332 1262 2400 7,ss

90 2416 158 2469 Sine
176 2414 237 2469 ulla
257 2417 423 2471 auctoritate
438 2418 553 2491 publica
574 2432 792 2473 consensum
813 2416 850 2469 in
867 2429 1008 2470 omnem
1022 2414 1183 2481 {ormam
1197 2416 1265 2481 te„

88 2515 148 2555 etue
165 2515 217 2557 est.

159 2605 182 2672 ᾗ.
201 2605 227 2659 8.
257 2608 486 2661 consentientibus
509 2610 651 2664 universis.
698 2606 765 2660 Dies
789 2607 899 2661 stimmt
920 2606 975 2660 mit
996 2604 1065 2663 dem
1088 2604 1256 2686 fulgenda·

88 2692 193 2750 occulte
212 2688 291 2742 nicht
315 2691 596 2759 iiberein;.weshalb
618 2696 788 2758 Freineleirn
807 2692 884 2745 lesen
900 2691 1013 2746 wollte:
1029 2708 1105 2745 non
1119 2698 1247 2751 renden-

87 2778 178 2843 tibus;
203 2792 259 2829 was
285 2774 353 2827 eber
370 2776 448 2829 nicht
465 2774 645 2835 ennelimlich
661 2778 779 2843 seheint.
820 2780 856 2832 la
880 2778 991 2849 einiger
1014 2777 1245 2850 Hende'clrril'ten,

87 2861 196 2916 welche
215 2866 443 2918 consentientibus
460 2856 629 2937 weglas'sea,
652 2866 689 2921 iet
708 2862 787 2919 wohl
811 2864 858 2919 die
881 2864 1001 2936 richtige
1024 2868 1125 2921 Lesart
1139 2856 1244 2921 anille·

87 2950 192 3004 wahrt:
212 2953 249 3004 r'lrr'
262 2955 396 3017 universis
408 2956 530 3008 evocatis
543 2964 598 3010 etc.
1245 2984 1248 2989 ·

157 3056 180 3124 ξ.
198 3056 224 3109 9.
250 3055 374 3123 beneficii
390 3060 434 3109 eui
444 3056 563 3128 faceret·
597 3058 619 3111 l.
638 3074 663 3115 c.
673 3058 803 3129 faceret,
819 3072 850 3112 ut
869 3071 941 3113 erret
958 3061 1006 3114 eut‘
1020 3059 1155 3131 beneficii.
1196 3060 1250 3115 ἦθ’

86 3150 212 3195 musrten
237 3140 284 3193 die
308 3141 450 3195 erhaltene
475 3144 639 3197 Herrechaft
660 3145 702 3197 als
724 3146 786 3197 eine
811 3144 1090 3216 Gnadenheaeaguag
1107 3162 1163 3198 ιοιι
1180 3146 1243 3201 ihm

87 3228 264 3285 batrachtea.
299 3231 334 3281 So
352 3230 428 3282 steht
445 3231 488 3284 olt
497 3233 597 3305 faeere
614 3232 667 3285 mit
683 3232 776 3285 einem
794 3232 904 3285 Genitir
920 3250 976 3286 roa
993 3232 1058 3285 dem
1067 3232 1242 3287 Besitathuut

89 3316 167 3387 einer
185 3316 283 3369 sache.
326 3317 438 3384 XXIV,
455 3322 489 3386 2,
506 3316 540 3373 4:
566 3340 627 3375 cum
645 3320 743 3391 quidus
761 3338 817 3391 reon
830 3321 897 3386 ,ideo
919 3338 948 3373 ee
961 3322 1048 3373 marie
1061 3322 1242 3387 contendisse,

4 3470 8 3477 Ι
88 3406 217 3477 quoniam
231 3406 334 3474 eripere
346 3406 530 3477 dieregnum,
549 3411 597 3461 sed
613 3409 729 3479 quodid
746 3404 876 3457 faeere
893 3402 952 3456 sui
967 3404 1131 3457 manarit
1147 3408 1240 3461 vetut.

88 3496 201 3545 Sueton-
216 3490 273 3544 Tib.
295 3509 317 3541 e·
332 3492 382 3546 12:
398 3513 448 3563 per
459 3496 592 3565 quosdam
608 3490 795 3564 beneficii¹
806 3489 859 3542 sui
875 3494 1053 3546 centuriones.
1089 3494 1241 3549 Tacit-An·

88 3580 149 3645 XV,
164 3578 212 3633 52:
230 3578 329 3631 dilecto
343 3580 505 3648 imperatore
521 3581 576 3633 alio
595 3578 652 3631 tui
668 3576 830 3632 muneris
847 3578 1040 3650 rempublicam
1055 3576 1211 3635 faceret.

156 3683 179 3750 ᾖ.
198 3682 242 3736 10.
265 3682 362 3735 Prima
375 3684 532 3736 Ptolemaeo
545 3688 698 3756 Aegyptus.
723 3682 834 3735 Andsre
847 3681 994 3752 durgalren
1007 3686 1107 3753 primo.
1141 3680 1241 3755 Vergl.

86 3774 151 3824 Irin.
168 3768 275 3829 XLIX,
292 3768 343 3831 19,
360 3766 389 3820 6:
406 3766 519 3821 Primi
536 3770 720 3824 Alexandrini
730 3772 819 3841 legati
831 3771 866 3824 ab
876 3770 1031 3824 Ptolemaeo
1049 3783 1078 3822 et
1091 3770 1245 3841 cleopatra·

86 3858 196 3927 regibus
207 3858 300 3909 vocati
311 3869 384 3909 sunt.
408 3855 487 3907 Nech
504 3854 649 3908 derselbsn
665 3856 864 3909 Gomtructiou
882 3855 962 3909 hitte
976 3871 1012 3907 au
1023 3870 1142 3907 uaemsr
1151 3854 1239 3908 stelle

87 3940 158 3992 auch
168 3946 278 4012 primo,
295 3940 347 3995 auf
363 3944 518 3996 Ptolemaeo
536 3941 678 4011 beregen,
694 3941 791 3995 slehen
808 3943 936 4005 kiirmen,
954 3958 1038 3995 wenn
1053 3940 1246 3995 denatae-1

85 4026 164 4095 lolge
182 4026 233 4079 der
249 4028 432 4100 Vertheilung
449 4029 500 4083 der
516 4028 668 4080 Provinzen
685 4044 741 4081 voa
758 4029 813 4083 den
825 4032 964 4083 Personen
979 4045 1030 4081 aue
1040 4025 1152 4098 hclolgt
1163 4028 1237 4081 wilr-

87 4112 140 4177 de,
163 4112 216 4165 wie
233 4112 264 4165 in
282 4113 333 4167 der
350 4117 556 4185 Verbeeserung
576 4114 708 4170 Gronov’s
723 4114 770 4167 bei
792 4119 853 4170 Dio.
871 4116 957 4181 VIII,
973 4117 1022 4176 26.
1038 4114 1073 4169 7:
1099 4118 1163 4169 Duo
1180 4116 1237 4167 ιίιι·

86 4202 198 4273 galeria
214 4203 283 4256 lraec
305 4204 333 4257 ei
351 4208 411 4259 vr'ro
429 4201 547 4273 prime
564 4206 711 4276 contigere.
752 4202 800 4283 Da,
816 4202 885 4257 alrer
899 4219 936 4257 aa
953 4215 1070 4257 msere!
1085 4198 1173 4256 Stella
1189 4196 1235 4250 die

88 4285 271 4359 neiheutelgs
287 4302 344 4345 rea
360 4286 416 4343 dea
428 4288 559 4347 Ltndem
574 4302 624 4343 eae
639 4288 773 4360 gement
788 4288 876 4362 aud,
892 4306 925 4346 ιο
941 4288 980 4347 iet
991 4292 1083 4365 prima
1098 4284 1145 4341 die
1159 4282 1240 4341 ricla·-
