2692 4718
605 362 924 468 'unouoer
1285 415 1328 487 ω

192 560 318 632 sociale
347 561 478 631 bellum
511 569 646 654 gestum
665 540 852 632 adversust
868 563 1089 635 Athenienses
1121 566 1279 655 achiis,
1312 522 1331 635 e

192 665 359 787 Phodiis,
394 676 430 736 et
462 666 664 767 Byzantiis,
700 667 877 747 Transitus
908 669 990 740 hino
1022 670 1149 740 adres
1173 671 1344 742 Macedo-

190 791 290 841 oreas

447 1040 460 1057 ,
510 972 749 1046 Pnononus
780 974 919 1063 Lrnnr
944 974 1022 1049 vn.

269 1108 426 1202 Septimo
459 1074 636 1181 volumine
662 1112 873 1183 continentur
904 1113 1051 1206 origines
1081 1096 1342 1202 Macedonicae,

190 1235 359 1306 rogesque
393 1214 615 1287 aconditore
648 1216 758 1306 gentis
791 1216 925 1285 Carano
957 1240 1064 1308 usque
1096 1218 1140 1286 ad
1173 1218 1343 1319 Magnum

189 1317 409 1409 Philippum.
440 1317 543 1408 ipsius
574 1318 731 1409 Philippi
760 1343 815 1389 res
846 1330 962 1412 gestae
988 1345 1096 1410 usque
1128 1322 1188 1391 ad
1206 1332 1343 1413 captam

156 1452 176 1505 .'
190 1423 310 1543 urbem¹
323 1419 537 1494 Methonem
577 1422 761 1495 Additae
750 1444 787 1491 ru
808 1444 946 1494 excessu
963 1424 1159 1516 lllyriorum
1174 1435 1209 1494 et
1229 1427 1342 1494 Paeo-

186 1546 271 1597 num
286 1518 442 1621 o'rigines.

401 1796 404 1801 ,
500 1724 1020 1800 Puouot'auerumVIIl.
1125 1762 1192 1801 .·

193 1862 206 1887 ’“
268 1861 403 1943 Octavo
427 1867 599 1939 volumine
625 1868 837 1939 eontinentur
861 1890 915 1936 res
939 1875 1055 1960 gestae
1079 1866 1235 1961 Philippi
1258 1866 1342 1938 Ma·

188 1967 267 2062 gni,
291 1976 371 2059 post
395 1978 532 2066 captam
548 1971 667 2039 urbem
681 1969 902 2055 Mothonem,
928 1993 948 2039 a
964 1970 1132 2069 principio
1147 1972 1229 2040 beili
1244 1972 1341 2043 Pho-

143 2128 165 2157 .,
189 2070 313 2154 censis,
339 2071 435 2158 quod
461 2095 593 2141 sacrum
617 2083 757 2158 vocent,
783 2096 890 2162 usque
918 2073 964 2141 ad
988 2074 1092 2149 tinem
1118 2073 1203 2142 eius:
1236 2076 1342 2142 inter-

169 2174 384 2262 'iectumque
408 2172 491 2244 huic
516 2176 664 2264 bellum,
698 2174 793 2265 qnod
824 2166 1005 2265 Philippus
1031 2198 1110 2245 cum
1135 2175 1342 2244 Chalcidicis

189 2277 332 2345 urbibus
355 2279 476 2367 gessit,
503 2301 648 2366 quarum
671 2278 892 2346 clarissimam·
912 2277 1037 2345 delevit
1062 2276 1249 2368 Oh'nthon.
1292 2277 1342 2347 Ut

188 2377 316 2468 lllyrici
338 2400 438 2469 reges
465 2378 524 2472 [ah
549 2379 605 2483 eo]
631 2379 711 2457 victi
735 2388 843 2467 eunt,
860 2388 895 2450 et
918 2379 1071 2449 Thracia
1099 2390 1201 2470 atque
1224 2381 1341 2449 Thes-

143 2550 152 2565 „
188 2483 273 2555 salia
296 2482 472 2557 subactae.
499 2492 532 2551 et
557 2506 616 2551 rex
632 2481 740 2585 Epiro
766 2482 864 2550 datus
886 2482 1099 2577 Alexander,
1125 2484 1234 2595 eiecto
1250 2484 1341 2575 Ary-

188 2584 253 2657 bn·
279 2580 318 2658 et
337 2583 460 2654 frustra
483 2585 663 2663 Perinthos
688 2594 899 2686 oppugnata.

522 2786 921 2861 Paonocns,L1nn1
944 2786 1004 2863 IX.

147 2922 156 2937 ’
223 2930 226 2935 ’
264 2926 369 2999 Nono
402 2928 574 2997 volumine
610 2926 821 3000 continentur
851 2926 950 2999 haec.
1014 2923 1065 2999 Ut
1099 2923 1282 3018 Philippus
1319 2949 1341 2992 a

153 3021 353 3119 ,Perintho
387 3032 570 3100 submotus.
635 3032 791 3122 Byzantii
816 3032 979 3124 origines,
1014 3053 1036 3098 a
1062 3029 1154 3123 cuins
1189 3027 1341 3098 obsidio-

156 3140 233 3207 ’πο
260 3134 446 3207 'submotus
478 3134 676 3226 Rhitippus,
719 3133 882 3225 Scythiae
912 3134 1044 3211 bellum
1075 3131 1195 3201 intulit.
1265 3132 1339 3199 Re-

145 3238 315 3331 ',petitae
339 3237 419 3305 inde
444 3235 625 3327 Scythicae
650 3260 721 3323 res,
755 3238 799 3305 ab
826 3237 880 3304 his
903 3235 1130 3326 temporibus,
1159 3234 1192 3304 in
1219 3235 1341 3322 quihus

188 3340 249 3416 itta
278 3341 370 3432 prius
394 3341 567 3424 finierant,
593 3363 699 3429 usque
725 3341 770 3408 ad
796 3338 949 3430 Philippi
974 3338 1119 3420 betium,
1147 3337 1340 3425 quodcum

188 3444 306 3514 A'thea
324 3444 486 3533 Scythiae
511 3466 595 3536 rege
615 3443 728 3535 geisit.
769 3440 872 3513 Unde
890 3464 1057 3529 repersus,
1084 3441 1251 3509 Graeciae
1262 3442 1340 3510 bel-

151 3598 166 3611 .
185 3547 262 3617 ium
274 3547 400 3627 intulit3
425 3548 600 3637 victorque
616 3546 853 3630 Chaeroneae,
880 3568 985 3634 quum
1005 3538 1098 3614 belia
1111 3546 1248 3613 Persica
1262 3566 1340 3612 mo-

180 3650 323 3737 ¹litetur,
349 3640 533 3741 praemissa
557 3651 662 3721 classe
679 3672 757 3719 curn
775 3649 919 3718 ducibus
928 3642 941 3733 ‚'
964 3672 985 3719 a
1006 3648 1175 3725 Pausania,
1189 3669 1341 3738 oocupa-

162 3755 232 3823 --tie
257 3754 446 3846 angustiis,
470 3753 663 3846 nuptiarum
686 3752 780 3821 filiae
812 3752 869 3824 dio
897 3753 1026 3823 occisus
1052 3761 1116 3836 est,
1143 3752 1341 3842 priusquam

147 3894 150 3899 ·
187 3856 283 3929 holla
306 3856 441 3926 Persica
464 3856 649 3927 inchoaret.
700 3855 882 3947 Repetitae
897 3878 950 3924 res
967 3855 1047 3924 inde
1062 3855 1217 3927 Persicae
1233 3879 1254 3922 a
1267 3855 1341 3923 Da·

147 3994 150 3999 ·
187 3960 241 4031 rio
257 3958 396 4044 Notho,
422 3959 477 4028 cui
503 3958 659 4029 successit
684 3959 986 4031 filiusArtaxerxee
1012 3958 1218 4050 cognomine
1237 3958 1342 4027 Mne-

188 4062 286 4135 mon:
312 4063 371 4152 qui
396 4071 476 4151 post
500 4062 640 4132 fratrem
654 4061 783 4153 Cyrum
801 4063 946 4147 rictum,
971 4061 1137 4151 pulsaque
1152 4061 1264 4134 Cnido
1278 4084 1342 4153 per

152 4246 159 4255 ,
189 4166 334 4251 conum
366 4165 471 4235 classe
504 4165 873 4249 Lacedaemoniorum,
906 4164 1037 4232 bellurn
1071 4186 1149 4235 cum
1180 4167 1342 4260 Euagora

188 4269 429 4371 regetipprio
454 4269 576 4364 gessit:
602 4271 817 4363 originesque
842 4268 951 4362 Cypri
973 4267 1147 4361 repetitae.
