2692 4718
85 226 149 334 att
394 352 396 361 Ι
522 230 794 327 tnsrrni

138 434 331 536 gratnm
351 435 483 508 aecem
508 430 646 508 tanum
668 435 816 520 deesses·
840 448 875 511 et
896 440 1047 511 Iratam
1067 440 1252 525 ,aarum

116 541 208 643 ‘aidi
224 536 334 631 nnnc,
359 565 469 636 artam
477 540 626 635 pridem
630 541 782 636 suisset:
806 544 951 615 maneo
976 537 1251 640 carthaginen

139 646 357 742 quieturam,
382 647 636 737 sociamquese
649 646 683 715 ei
695 647 893 717 daemona
903 648 1173 743 praebituram,

92 761 111 826 1
141 827 147 837 ,
191 747 280 820 Gne.
305 744 368 821 lv.
400 750 517 835 Quum
531 749 606 841 regi
618 750 758 819 consilia
771 752 985 842 placuissent,
994 754 1147 823 mittitur
1161 754 1251 824 Gar-¹

137 845 318 947 thaginern
331 876 415 922 unus
429 875 471 923 ex
487 853 665 922 comitibus
678 855 896 942 Hannibalis,
912 859 972 946 qui
984 857 1020 924 in
1036 858 1172 927 bollum
1187 880 1259 946 ou-⁴

137 958 240 1052 pidos
266 957 439 1043 hortetur,
464 955 775 1051 Hannibalemque
798 952 879 1028 cam
899 960 1011 1052 copiis
1030 960 1250 1055 adfuturum

82 1130 84 1135 ,
138 1054 285 1133 nuntiet:
308 1061 415 1147 nihil,
442 1061 551 1148 dicat,
571 1060 756 1155 partibus,
782 1065 851 1132 nisi
872 1058 1009 1133 anilnoa
1040 1063 1250 1161 Carthagi-

138 1166 311 1234 niensium
323 1165 463 1234 deesset
486 1164 615 1234 Asiam
635 1172 671 1235 et
684 1167 779 1237 rtlres
792 1166 877 1236 belli
891 1175 925 1235 et
937 1175 1119 1258 oanrptnm
1126 1190 1248 1263 praa·
1269 1214 1271 1219 -

89 1278 112 1339 2
140 1269 306 1355 ditatam.
358 1270 458 1339 Haec
473 1291 578 1367 quum
595 1270 727 1360 perlata
744 1269 987 1363 Carthaginem
1004 1264 1132 1356 essent,
1159 1296 1248 1341 nun-

139 1374 202 1444 tius
223 1373 297 1464 ipse
318 1373 362 1441 ab
381 1372 522 1442 inimicis
546 1367 744 1444 Hannibalis
766 1372 1096 1466 comprehenditur,¹
1110 1383 1147 1444 et
1164 1372 1263 1467 per-.

140 1476 264 1547 ductus
275 1479 309 1545 in
325 1486 476 1545 senatum
492 1499 599 1566 quum
619 1478 900 1570 interrogaretur,
926 1477 978 1546 ad
994 1495 1103 1569 quem
1117 1475 1248 1553 missus

141 1588 260 1667 esset,
275 1578 401 1671 pu'nioo
415 1581 552 1673 ingenio
567 1580 759 1672 reqiondit,
784 1604 824 1652 oe
839 1580 893 1650 ad
912 1582 1116 1650 namneum
1138 1604 1246 1653 sena-

139 1692 215 1753 tum
228 1686 391 1754 missam:
413 1697 482 1754 'aec
507 1685 598 1753 enim
619 1685 792 1779 hocopus
809 1686 1053 1779 singulorum,
1078 1686 1147 1755 aed
1166 1687 1247 1757 nni-

91 1797 112 1859 3
140 1797 325 1857 versorum
346 1810 430 1858 esse.
482 1787 575 1856 Dum
595 1789 707 1857 multis
731 1790 851 1858 diebus
875 1787 1080 1876 deliberant,
1105 1812 1150 1857 an
1169 1812 1246 1860 enm

96 1978 100 1983 ·
140 1893 288 1960 Romam
310 1892 357 1959 ad
385 1891 604 1983 purgandam
632 1892 807 1982 publicam
834 1892 1071 1962 conscientiam
1102 1893 1246 1978 mittant,

139 1997 261 2067 tacitus
278 2018 460 2066 conscensa
475 2019 560 2063 nave
574 1994 619 2062 ad
633 1997 858 2091 Hannibalem
878 1995 1068 2089 revortitur:
1095 2019 1167 2085 quo
1185 2020 1247 2067 co-

140 2100 256 2192 gnito,
284 2098 580 2190 Carthaginienses
605 2099 703 2166 ultro·
727 2122 800 2167 rem
820 2094 969 2167 Romam
997 2089 1062 2189 per
1090 2100 1246 2192 legatum

90 2212 112 2280 4
140 2204 304 2271 deferunt.
352 2202 504 2269 ,Romani
524 2223 661 2291 quoque
677 2202 720 2270 ad
734 2202 943 2289 Antiochum
964 2202 1098 2295 legatos
1113 2205 1247 2289 misere,

139 2308 198 2397 qui
215 2306 277 2374 sub
292 2305 406 2395 specie
421 2306 619 2397 legationis,
647 2313 681 2373 et
693 2307 784 2396 regis
801 2315 1002 2396 apparatum
1025 2307 1247 2397 specularen-

137 2420 210 2493 tur,
238 2418 271 2478 et
285 2410 590 2479 Hannibalemaut
606 2409 769 2477 Romanis
793 2411 1002 2502 mitigarent,
1028 2404 1086 2477 ant
1109 2410 1247 2479 assiduo

90 2520 111 2585 5
140 2513 314 2601 colloquio
338 2521 531 2604 suspectum
550 2511 760 2601 invisumque
783 2512 859 2604 regi
881 2512 1073 2580 redderent
1124 2513 1248 2604 ltaque

137 2616 247 2707 legati
260 2638 365 2703 quum
379 2614 512 2705 Ephesi
525 2616 755 2687 convenissent
770 2614 815 2682 ad
829 2613 1059 2711 Antiochum,
1084 2617 1249 2684 mandata

91 2727 112 2793 6
141 2719 172 2786 ei
187 2729 317 2785 senatus
332 2716 478 2786 tradunt
511 2800 513 2805 ι
530 2716 622 2784 Dum
636 2740 835 2806 responsum
851 2727 1060 2809 exspectant,
1086 2719 1250 2789 omnibns

62 2881 64 2885 .
144 2822 264 2889 diebus
286 2819 407 2887 assidui
423 2820 514 2890 circa
535 2819 762 2888 Hannibalem
785 2819 901 2905 fuere,
928 2813 1096 2905 dieentes,
1121 2822 1252 2892 timide

143 2946 221 2996 eam
239 2947 263 2992 a
274 2922 403 3016 patria
416 2922 619 3010 recessisse,
637 2946 743 3016 qnam
751 2925 883 3017 pacem
899 2923 1071 3010 Romani,
1085 2930 1159 3024 non
1171 2933 1250 2994 tam

84 3092 86 3096 ’
159 3074 226 3130 Car.
243 3072 292 3132 lv.
317 3071 339 3139 §-
357 3072 384 3130 5.
410 3057 598 3126 conuenissent
618 3074 656 3125 ad
675 3074 850 3126 Antiochum.
895 3070 947 3123 Mit
970 3069 1094 3123 Unrecht
1119 3069 1173 3124 hrt
1197 3073 1252 3127 der

88 3168 164 3214 ronst
182 3159 347 3213 hehutsarne
367 3160 493 3214 Veratius
510 3174 546 3208 an
564 3157 614 3209 der
630 3157 764 3210 Latinitiit
781 3157 872 3210 dieser
889 3156 974 3210 stelle
1000 3161 1112 3209 duetore
1129 3175 1252 3229 genem.

87 3262 172 3311 men,
190 3245 287 3299 indetn
305 3260 337 3297 er
354 3244 399 3297 die
416 3243 591 3314 Priiposition
608 3247 646 3296 ad
661 3244 800 3295 atreiehen
818 3243 928 3306 wollte5
945 3243 1072 3295 wiewohl
1089 3243 1140 3295 der
1157 3251 1253 3300 Accu-

87 3333 156 3387 satir
181 3332 231 3384 der
255 3334 357 3384 Person
382 3330 456 3383 ohne
478 3329 651 3400 Priiporition
673 3331 881 3399 gewbhnlicher
898 3331 948 3396 ἱεὶς
969 3331 1023 3383 wie
1038 3331 1142 3398 XLIII,
1161 3335 1197 3399 3,
1215 3337 1252 3391 8:

87 3425 186 3493 Itaque
202 3434 324 3488 regem
341 3419 578 3490 Segobrigiorum,
604 3415 765 3468 olonnam
790 3422 911 3485 nomine,
928 3404 964 3458 -ὲ
981 3419 1132 3470 amicitiam
1148 3435 1252 3490 peten-

79 3521 130 3563 ἰω
148 3504 391 3571 conveniunt,
409 3520 453 3555 wo
471 3501 574 3570 jedoch
586 3501 667 3553 ‘auch
686 3500 748 3555 eine
766 3503 947 3556 Handsehriit
964 3503 1022 3556 und
1040 3502 1173 3558 mehrere
1191 3506 1253 3562 alto

88 3593 235 3672 ausgaheu
252 3591 297 3643 die
313 3589 488 3659 Priposition
504 3592 543 3642 ad
558 3587 739 3658 hinnuIiIgen.
775 3593 853 3643 ovid.
867 3595 934 3644 Met.
949 3592 1013 3658 VII,
1030 3594 1100 3648 666:

254 3676 305 3730 Ad
318 3691 446 3746 regern
465 3676 597 3746 Cephalus
613 3676 697 3730 timul
711 3690 740 3730 et
758 3678 887 3732 Pallante
904 3680 989 3732 creati

255 3745 489 3800 Conveniunt
505 3760 557 3802 etc.

89 3834 161 3891 Eius.
175 3833 279 3887 andere
297 3832 384 3886 Stella
402 3830 480 3884 eitirt
496 3833 628 3893 Heinsius
645 3847 679 3888 nu
698 3833 776 3890 ovid.
795 3835 872 3887 Fert.
885 3838 918 3900 II,
937 3833 988 3889 669
1005 3850 1054 3889 aua
1071 3837 1174 3905 Dictys
1185 3842 1254 3892 Ore-

91 3936 159 3981 tana.
177 3924 237 3976 nit.
251 3926 301 3975 111:
317 3922 407 3974 cuncti
421 3939 498 3990 regat
515 3916 557 3970 ttd
573 3915 758 3970 Achillem
777 3919 1011 3973 conveniunt.
1048 3923 1166 3989 Quintil.
1177 3927 1254 3979 Inar.

91 4012 133 4072 II,
151 4010 185 4075 2,
202 4009 233 4065 lit
251 4011 347 4082 Neque
359 4027 423 4063 aera
439 4009 511 4059 tatia
521 4019 563 4058 ert
583 4024 714 4058 summam
729 4021 871 4078 praestare
887 4010 1098 4070 abstinentiam,
1114 4010 1173 4062 nisi
1188 4013 1254 4064 die-

93 4096 211 4165 eiplinae
234 4097 380 4149 severitate
404 4086 713 4146 convenientium
730 4090 772 4143 ad
790 4108 826 4143 sa
850 4112 937 4146 morea
954 4095 1143 4160 adstrinxerit·
1189 4096 1254 4149 Das

93 4184 150 4230 Ion
166 4161 232 4234 abr.
248 4185 358 4233 Gronov
377 4179 453 4231 citat
469 4195 518 4230 aus
534 4183 599 4233 Liv.
617 4179 721 4245 XXIX,
741 4179 789 4232 10:
813 4182 955 4251 quingenti
964 4178 1030 4249 sere
1047 4182 1190 4236 Numidae
1206 4182 1251 4239 ad

96 4281 175 4323 eum
193 4271 460 4333 convenerunt,
476 4263 565 4322 lindet
581 4264 641 4323 sich
659 4281 694 4318 an
712 4263 802 4318 dieser
819 4263 904 4319 stallo
921 4264 1007 4319 nIcht.
1280 4258 1282 4263 ’
