2692 4718
126 284 190 352 193
334 220 337 226 “
535 275 832 367 ‚insursu
930 227 956 365 '¹

175 433 384 529 blaeregiee
396 454 493 505 more
508 433 703 523 distulerat,
727 456 773 505 ne
791 433 904 505 omnia
915 432 1043 527 pariter
1053 432 1273 505 invidiosiora
1306 424 1309 429 ’

126 550 149 613 2
176 548 301 626 essent,
322 561 390 608 nen
402 538 552 623 salutari,
570 537 632 607 sed
646 538 781 607 adorari
792 560 829 607 se
841 539 944 607 iubet
975 538 1167 609 Acerrimas
1181 540 1272 607 inter

173 651 361 713 recusantes
387 641 608 713 Callisthenes
630 640 704 711 fuit.
755 640 856 727 Quae
877 652 930 710 ret
952 648 986 710 et
1007 641 1074 728 illi,
1100 650 1135 711 et
1155 640 1272 711 multis

173 746 382 837 principibus
403 744 758 827 Macedonumexitio
781 745 860 814 luit:
885 743 1051 833 siquidem
1071 742 1134 813 sub
1153 744 1272 835 specie

126 850 155 921 8'
174 849 367 918 insidiarum
381 870 497 917 omnes
510 848 687 917 interfecti.
737 848 900 919 Betentm
912 856 1024 917 tamen
1036 855 1088 916 eet
1101 869 1124 915 a
1139 846 1272 917 Muce-

125 961 148 1025 4
177 952 318 1020 donibus
345 973 420 1019 snos
438 951 604 1019 salutandi
625 951 735 1043 regis,
767 952 904 1043 explosa
930 949 1153 1019 adoratione*
1186 950 1273 1019 Post

173 1055 263 1124 haec
282 1053 414 1123 Indiam
428 1055 530 1145 petit,
555 1062 593 1123 nt
614 1053 774 1142 Oceano,
798 1054 985 1142 ultimoque
1001 1052 1141 1123 Oriente
1156 1053 1272 1123 noue

125 1166 147 1233 5
174 1158 365 1248 imperium.
406 1156 472 1226 cui
487 1158 619 1249 gloriae
634 1168 671 1227 ut
682 1159 783 1228 etiam
797 1157 960 1228 exercitus
975 1165 1170 1235 ornamenta
1183 1168 1272 1226 con-¹

104 1276 109 1286 '
172 1260 341 1347 uenirent,
366 1256 526 1351 phaleras
549 1282 712 1351 equorum
729 1270 763 1331 et
779 1282 873 1329 arma
894 1260 1203 1352 militum-argento
1216 1258 1272 1327 in-

173 1363 286 1449 ducit,
313 1364 562 1453 exercitumque
584 1386 681 1433 suurn
704 1365 749 1433 ab
769 1363 936 1456 argenteis
950 1363 1081 1455 clypeis
1098 1362 1271 1457 Argyru-

124 1477 147 1540 6
173 1466 301 1561 epidus
316 1467 511 1558 appellavit.
552 1466 669 1553 Quum
684 1468 729 1536 ad
743 1469 868 1557 Nysam
882 1466 1001 1534 urbem
1016 1467 1175 1551 venisset,
1202 1485 1271 1558 op-

171 1569 304 1663 pidanis
321 1592 390 1639 non
405 1572 669 1662 repugnantibus
684 1571 810 1641 fiducia
823 1569 994 1662 religionis
1016 1569 1132 1637 Liberi
1153 1570 1270 1659 patris,
1318 1580 1321 1589 '

173 1695 277 1763 aquo
293 1673 429 1742 condita
441 1675 520 1741 urbs
536 1682 624 1758 erat,
649 1675 746 1764 parci
765 1674 875 1753 inssit3
900 1674 1004 1741 laetus
1025 1693 1093 1740 non
1116 1670 1271 1739 militiam

122 1786 147 1865 7
172 1785 317 1861 tantum,
342 1797 460 1843 verum
475 1786 510 1842 et
520 1776 662 1867 vestigia
675 1800 711 1845 se
726 1776 790 1844 Dei
802 1784 962 1845 secutum.
1013 1775 1113 1843 Tunc
1128 1774 1174 1842 ad
1189 1796 1271 1865 spes

174 1879 342 1949 otaculum
356 1879 441 1949 sacri
454 1879 577 1947 montis
598 1879 692 1946 duxit
714 1880 913 1963 exercitum,
937 1868 1142 1946 naturalibus
1160 1877 1270 1963 bonis,

172 1982 257 2066 vite,
282 1978 480 2069 hederaque
500 2003 569 2049 non
591 1980 688 2049 aliter
709 1981 834 2070 vestiti,
860 2003 961 2071 quarn
983 1981 1011 2049 si
1030 2003 1132 2049 manu
1150 1980 1271 2067 cultus,

123 2094 145 2159 8
173 2082 423 2173 colentinmque
452 2083 614 2151 industria
647 2091 823 2155 exornatus
854 2093 948 2152 esset.
1005 2082 1079 2153 Sed
1106 2083 1273 2153 exercitus

173 2185 261 2272 eins,
286 2186 345 2252 nbi
360 2185 405 2253 ad
419 2196 569 2255 montem
583 2186 738 2272 accessit,
765 2187 942 2278 repentino
959 2187 1089 2276 impetu
1101 2186 1222 2255 mentis
1235 2186 1273 2253 in

172 2310 284 2359 sacros
306 2286 373 2357 Dei
397 2288 544 2357 ululatus
573 2289 762 2375 instinctus,
793 2310 872 2360 cum
896 2297 1034 2381 stupore
1055 2288 1164 2381 regis,
1199 2289 1273 2359 sine

172 2386 260 2459 noua
276 2388 446 2461 ussonia:
470 2401 508 2460 nt
520 2391 743 2485 intelligeret,
767 2413 835 2460 non
849 2400 920 2461 tam
944 2391 1123 2484 oppidanis
1140 2414 1175 2461 se
1187 2412 1273 2483 par-

123 2504 146 2567 9
172 2494 298 2582 condo,
323 2517 428 2584 qnam
439 2494 598 2565 exercitui
608 2518 670 2563 sno
684 2494 894 2566 consuluisse.
928 2494 1014 2565 Inde
1031 2503 1162 2564 montes
1174 2492 1273 2565 llae-

174 2596 289 2681 dalos‚
314 2620 489 2689 regnaque
514 2597 717 2688 cleophidis
740 2598 878 2689 reginae
900 2599 994 2688 petit.
1045 2596 1145 2683 Quae
1163 2619 1273 2687 quum

171 2722 208 2766 se
235 2697 417 2767 dedidisset
439 2701 489 2788 ei,
515 2700 697 2769 concubitu
721 2699 937 2792 redemptum
957 2722 1102 2794 regnum
1119 2700 1164 2769 ab
1181 2700 1273 2768 Ale-

171 2800 302 2869 xandro
325 2802 471 2891 recepit3
511 2801 680 2870 illecebris
701 2811 900 2887 consecuta,
935 2803 1030 2892 quod
1053 2803 1175 2871 virtute
1200 2823 1273 2874 non

124 2908 345 2994 10potnerat3
364 2902 540 2993 filiumque
553 2904 597 2971 ab
613 2923 655 2971 eo
669 2904 821 2996 genitum
827 2904 1059 2974 Alexandrum
1074 2904 1271 2995 nominavit,

124 3005 231 3094 11qui
254 3012 373 3096 postea
394 3026 502 3098 regne
517 3006 680 3075 Indorum
695 3008 824 3099 potitus
845 3016 903 3077 est.
956 3005 1121 3101 Cleophb
1138 3007 1272 3101 regina,

190 3154 281 3206 omnia
300 3154 414 3224 pariter.
454 3152 519 3204 rnen
541 3151 675 3206 verbinde
694 3156 804 3229 pariter
823 3152 903 3208 nlcbt
919 3153 973 3208 unit
994 3156 1191 3222 invidiosiora,
1211 3170 1272 3209 war

120 3234 304 3289 unlateiniscb
315 3252 388 3305 eeyn
404 3236 517 3307 wiirde,
541 3238 601 3292 und
625 3237 700 3293 donn
724 3242 863 3295 invidiosa
878 3239 989 3293 helenen
1004 3242 1125 3305 mdeste3
1146 3238 1272 3293 nudem

120 3320 176 3374 mit
190 3326 293 3377 omnia:
307 3324 400 3376 Weun
411 3321 467 3375 ulle
479 3322 555 3377 diere
563 3326 771 3397 Anordnungeu
782 3343 816 3379 ιιι
828 3325 971 3381 einerZeit
984 3326 1153 3399 gelromrnen
1164 3328 1271 3383 wilton.

75 3464 83 3481 Ι
189 3408 213 3475 §-
230 3408 255 3462 ⁷.
279 3426 362 3462 monn
383 3410 480 3464 cubus.
513 3412 536 3464 1.
553 3425 580 3464 e.
597 3422 680 3484 opera
699 3417 758 3468 eive
776 3426 839 3467 arte
855 3414 985 3466 bumana.
1028 3416 1064 3466 do
1081 3411 1156 3465 steht
1171 3430 1272 3467 monna

120 3490 199 3545 niclrt
214 3491 303 3544 selten
319 3490 360 3546 im
375 3494 530 3565 Gegensatu
546 3512 603 3547 aon
618 3512 730 3552 natura.
770 3498 878 3562 XXlV,
893 3500 926 3564 6,
942 3500 977 3555 Ἰι
993 3518 1044 3554 neo
1059 3512 1163 3550 manu
1173 3496 1273 3569 facta,
1297 3546 1306 3553 .

120 3580 171 3634 sed
184 3576 377 3632 naturalia
395 3583 540 3653 praesidio
558 3580 717 3652 defendunt.
762 3584 837 3638 Gaea·
855 3588 890 3637 Β.
909 3586 943 3638 0.
960 3584 1000 3652 V,'
1014 3584 1065 3652 5⁷,
1085 3584 1117 3638 1ι
1140 3602 1223 3655 pum
1239 3596 1273 3638 ot

120 3666 176 3719 loci
189 3670 344 3727 natura,
362 3680 391 3720 et
406 3682 506 3720 manu
523 3672 713 3723 munitissimis
728 3672 830 3725 caetris
847 3690 907 3725 esee
926 3684 1037 3726 emet.
1079 3672 1137 3725 cio.
1157 3670 1192 3723 de
1206 3672 1271 3723 Five.
1308 3698 1317 3719 ι

120 3752 175 3819 ΙΙΙ,
192 3752 244 3815 22,
262 3748 310 3805 742
333 3754 400 3823 quid
423 3756 494 3808 enim
510 3768 561 3808 aut
578 3756 608 3808 in
627 3763 771 3820 nature,
796 3774 852 3827 qua
867 3758 992 3811 nibileet
1008 3758 1116 3831 aprina,
1134 3756 1206 3811 nibil
1217 3758 1273 3811 de·

121 3854 165 3889 ser
136 3838 258 3908 cuprina,
277 3850 328 3891 aur
344 3836 381 3890 in
398 3837 575 3909 operibus
591 3854 695 3891 manu
711 3836 829 3893 lacti·
846 3846 1089 3915 romeompoeimm
1103 3850 1159 3897 cto.
1194 3846 1272 3897 cun.

94 3970 97 3978 .
121 3920 160 3986 V,
178 3921 210 3989 1,
226 3918 280 3977 34ι
305 3940 422 3996 quum
402 3938 528 3979 vetustos
547 3943 602 3980 non
622 3940 735 3994 opera
751 3927 838 3981 solum
854 3943 959 3983 mena
975 3928 1092 3997 iacta,
1117 3932 1167 3984 sed
1184 3932 1273 3985 etiem

121 4008 210 4078 ipsam
184 4014 393 4063 marturum
412 4012 615 4085 paullatimx
581 4030 615 4064 ex
615 4014 731 4068 cedendo
749 4016 878 4088 purim
921 4012 1048 4069 Mehrere
1064 4014 1198 4145 Beirpiele
1212 4014 1272 4069 lie-

120 4090 180 4145 fert
195 4098 238 4146 Dr
239 4096 325 4150 abab
341 4110 376 4149 ιιι
391 4098 454 4153 niv.
470 4098 510 4164 ll,
526 4094 559 4161 6,
575 4094 602 4152 4.

190 4178 212 4247 Ι
230 4182 273 4236 10.
296 4186 618 4255 regno-porisma.
645 4182 1006 4258 praerogandum
1022 4206 1144 4263 regam.
1179 4186 1273 4244 ndi·

121 4266 250 4321 lameri.
266 4280 301 4319 aa
316 4262 368 4330 Vl,
385 4262 419 4330 4,
434 4268 462 4323 8.
