2692 4718
336 316 530 379 fllsuon.
551 314 638 375 ulls.
659 312 799 375 XXXVI.
827 314 924 378 CAP.
943 316 978 380 2.
1173 314 1233 380 401

10 507 14 544 ι
66 474 152 545 iuris
166 472 379 565 humanique
399 472 431 541 ei
448 471 661 565 incognitum
673 472 867 541 ridebatur:
892 470 999 557 adeo,
1025 479 1063 539 nt
1078 470 1179 540 ετὶαιῃ
1206 482 1227 545 9

66 578 282 649 sterilitatem
301 598 463 671 agrorum
484 587 561 646 ante
581 578 704 646 multos
717 592 833 645 annos·
841 574 1042 667 providerit:
1068 577 1178 666 peris-

67 692 191 773 setque
212 682 321 751 omnis
339 683 519 773 Aegyptus
537 681 646 766 fame,
672 681 733 749 nisi
747 680 875 748 monitu
897 680 967 749 eiua
987 700 1047 748 rex
1062 679 1177 748 edicto

68 785 196 855 serrari
212 786 416 876 permultos
430 806 535 851 annos
551 784 669 877 fruges
683 785 843 853 iussissetz
869 793 1026 872 tantaque
1041 784 1226 873 expeti-10

68 898 187 959 menta
202 890 274 959 eius
287 890 431 969 suerunt,
445 898 482 955 ut
495 910 565 955 non
577 890 621 957 ab
635 887 787 973 homine,
811 886 873 957 sed
890 888 1000 955 olleo
1013 909 1178 978 responsa

69 993 147 1062 dari
159 992 362 1066 viderentur.
397 992 504 1061 Filius
518 993 589 1059 eius
603 992 722 1061 Moses
736 992 819 1076 luit,
844 1014 946 1081 quem
960 1000 1096 1081 praeter
1109 1000 1222 1080 pa-tt

69 1106 188 1167 ternae
202 1084 393 1167 ‘scientiae'
404 1094 630 1166 hereditatem
660 1098 762 1164 etiam
791 1084 923 1163 formae
952 1093 1176 1187 pulchritudo

69 1200 345 1272 commendabat.
397 1200 467 1269 Sed
483 1198 664 1291 Aegyptii,
691 1221 796 1289 quum
810 1201 960 1268 scabiem
979 1208 1014 1267 et
1035 1198 1224 1291 vitiligi-12

69 1326 149 1373 nem
171 1312 381 1395 paterentur,
414 1325 577 1394 responso
598 1304 738 1389 moniti,
769 1325 950 1373 eumcum
976 1304 1105 1394 aegris,
1131 1325 1176 1370 ne

68 1410 175 1509 pestis
192 1407 237 1475 ad
252 1408 367 1500 plures
380 1396 547 1499 serperet,
573 1408 723 1475 terminis
737 1407 888 1497 Aegypti
901 1406 1046 1497 pellunt.
1096 1406 1227 1479 uuxrs

68 1512 175 1605 igitur
197 1512 347 1579 exsulum
371 1510 481 1579 tactus
504 1533 599 1580 sacra
625 1512 877 1603 Aegyptiorum
900 1510 993 1577 furto
1023 1511 1174 1579 abstulit:

41 1652 44 1657 ·
68 1638 158 1707 quae
169 1623 360 1707 repetentes
374 1617 475 1683 annis
489 1614 671 1705 Aegyptii,
697 1615 839 1682 domum
859 1613 970 1683 redire
987 1622 1176 1705 tempesta-

67 1720 351 1811 tihuecompulsi
368 1728 454 1786 sunt.
505 1720 625 1807 ltaque
647 1718 780 1803 Moses,
806 1718 1016 1786 Damascena
1038 1718 1222 1805 antiqua14

66 1824 179 1915 patrie
193 1823 521 1931 repetita‚·montem
537 1824 650 1911 Synae
666 1831 831 1913 occupat:
856 1842 938 1911 quo,
951 1831 1082 1912 septem
1098 1821 1174 1889 die-

66 1950 145 1997 rum
165 1928 291 1995 ieiunio
313 1930 377 2018 per
397 1924 529 1993 deserta
548 1927 696 1995 Arabiae
712 1949 791 1996 cum
812 1926 946 2017 populo
969 1948 1031 1993 suo
1048 1924 1175 2018 fatiga-

17 2092 22 2103 .
65 2040 141 2114 tus,
165 2051 273 2120 quum
291 2030 431 2099 tandem
453 2027 610 2113 uenisset,
635 2032 817 2122 septimum
839 2029 932 2099 diem
953 2052 1049 2097 more
1063 2029 1172 2121 gentis

66 2132 238 2205 &blata
247 2134 460 2225 appellatum
475 2133 509 2200 in
522 2157 624 2202 omne
638 2158 759 2203 aevum
772 2134 895 2202 ieiunio
917 2134 1068 2217 sacravit,
1081 2154 1171 2220 quo-

64 2238 159 2323 niam
168 2237 227 2305 illa
242 2239 315 2307 dies
328 2238 454 2307 famem
467 2238 533 2305 illis
546 2260 763 2326 erroremque
778 2239 917 2305 finierat.
950 2238 997 2305 Et
1010 2239 1168 2325 quoniam
1177 2240 1219 2305 15

30 2414 34 2423 ,
64 2350 161 2435 metu
179 2342 390 2432 contagionis
417 2341 534 2431 pulsos
556 2322 592 2407 sle
612 2342 657 2409 ab
678 2343 842 2432 Aegypto
866 2341 1101 2423 meminerant,
1129 2363 1172 2407 ne

63 2446 189 2515 eadem
203 2459 302 2515 causa
315 2445 407 2513 invisi
425 2444 520 2533 apud
535 2444 660 2512 incolas
675 2445 804 2529 forent,
829 2452 1008 2527 caverunt,
1034 2468 1077 2511 ne
1092 2465 1170 2512 cuns

64 2548 255 2643 peregrinis
269 2550 501 2619 conviverent:
526 2547 620 2639 quod
633 2570 675 2621 es
689 2570 790 2619 causa
802 2547 931 2649 factum
945 2548 1126 2640 paullatim*
1135 2547 1170 2613 in

63 2766 207 2831 XXthX,
223 2762 275 2831 49,
293 2768 342 2823 102
366 2768 504 2820 theatrum
524 2780 649 2838 repente,
668 2767 742 2839 quod
755 2768 817 2820 viae
834 2768 1018 2839 propinquum
1035 2777 1112 2830 erat,
1130 2778 1220 2815 eom·

31 2842 38 2853 ¹
62 2852 260 2925 piaverunt
277 2867 322 2918 ee,
340 2867 371 2907 ut
385 2874 416 2906 eo
429 2858 639 2927 inconspectum
653 2856 751 2925 populi
764 2855 961 2917 adduceretur,
977 2870 1034 2905 une
1046 2870 1111 2905 voce
1128 2867 1219 2904 omues

63 2939 330 3011 ex'poscebent.
364 2940 457 3010 Vergl.
475 2950 573 3014 Zumpt
587 2945 636 2996 Gr.
658 2948 723 3015 Gap.
738 2942 782 2997 76.
799 2940 826 2994 9.
851 2948 887 2995 A.
906 2942 932 2997 1.

10 3040 14 3045 '
136 3027 160 3095 5.
178 3028 222 3083 11.
243 3029 457 3083 commendebat.
494 3030 685 3083 Commendare
701 3036 815 3079 unserrn'
839 3026 991 3099 empfeblen
1007 3039 1077 3095 ganz
1095 3028 1220 3089 entspre·

64 3112 173 3181 ehend,
191 3114 334 3169 amabilem
346 3114 461 3186 faeere,
478 3130 587 3186 gratum
603 3129 795 3187 acceptumque
815 3117 944 3178 reddere,
966 3098 1019 3163 wie
1037 3126 1066 3163 ee
1084 3112 1219 3162 Ruhnken

49 3220 102 3257 ,ιιι
121 3204 218 3257 Vellei.
232 3206 299 3255 Pae.
313 3204 353 3261 11,
368 3202 412 3256 29.
428 3221 457 3273 p.
475 3204 525 3257 168
543 3197 658 3254 erklert.
696 3204 785 3254 Tacit.
795 3206 868 3264 Ante.
885 3200 953 3267 XV,
970 3200 1021 3256 59:
1037 3216 1147 3251 uxorem
1160 3197 1221 3247 eolo

50 3287 292 3363 ,eorporisformo
309 3288 608 3341 commendatam·
644 3290 723 3339 Corn.
738 3289 809 3359 Nep.
826 3289 948 3352 Dioml,
964 3288 999 3341 2:
1017 3305 1146 3358 magnam
1158 3303 1218 3336 cor·

37 3382 40 3391 '
46 3380 142 3467 ‘paria
150 3378 328 3447 dignitatem,
348 3396 418 3449 quoe
430 3396 484 3430 non
497 3378 637 3429 minimum
654 3388 770 3424 comm
779 3372 897 3428 endet.

135 3462 159 3531 1.
177 3464 220 3523 12.
242 3464 416 3535 vitiliginem.
451 3462 501 3515 Ich
519 3460 592 3513 hehe
610 3458 685 3511 diere
703 3462 799 3511 Lesart
816 3476 889 3512 zwar
905 3458 946 3513 im
962 3459 1034 3512 Text
1049 3455 1148 3510 rtehen
1165 3453 1220 3507 las-

63 3566 132 3618 ren3
149 3548 236 3603 allein
251 3549 418 3605 schwerlich
436 3549 472 3601 iat
490 3547 613 3603 dissolbe
630 3545 676 3605 die
693 3545 926 3617 urspriingliehe,
944 3545 1066 3599 eondern
1083 3538 1221 3596 vielmehr

58 3640 249 3711 pruriginem,
266 3636 385 3690 welches
403 3636 481 3689 nicht
498 3633 583 3686 allein
601 3632 657 3684 sile
674 3633 890 3686 Handrchrilten
909 3634 958 3687 dea
976 3635 1145 3704 Bongareius
1160 3627 1219 3680 und

22 3769 28 3781 .
63 3726 196 3789 Medius,
213 3723 335 3777 eondern
353 3724 427 3777 such
444 3722 574 3775 suehrere
592 3720 696 3779 endere
715 3719 765 3773 der
783 3720 902 3773 dltesten
919 3721 977 3773 und
993 3722 1090 3773 beaten
1109 3716 1216 3779 heben3

62 3826 175 3865 warena
191 3810 252 3865 rich
269 3813 342 3865 auch
359 3811 476 3882 ergiebt‚
495 3808 547 3861 wie
564 3806 684 3860 unrecht
700 3824 766 3860 man
783 3808 829 3861 bei
848 3812 948 3864 Colum.
967 3809 1028 3874 vn,
1048 3807 1082 3872 5,
1101 3807 1135 3859 6:
1153 3824 1218 3857 nam

10 3956 17 3969 ‚
60 3900 155 3955 aulem
167 3898 266 3970 eep'era
287 3902 360 3953 cutia
377 3913 405 3952 ee
424 3899 498 3951 velut
513 3898 648 3967 quaedam
663 3895 835 3964 prurigo,
858 3893 946 3947 dieser
962 3896 1046 3947 Wort
1063 3890 1154 3943 durch
1171 3889 1217 3941 die

60 3982 233 4054 henderung
247 3984 422 4058 porrigebat
434 3982 609 4052 verdriingen
622 3982 734 4035 wollen.
759 3981 809 4032 Die
821 3984 919 4033 Lesart
931 3982 1096 4050 vitiliginem
1109 3975 1218 4029 seheint

31 4092 35 4097 ·
61 4070 204 4133 demneeh
220 4087 277 4125 nur
294 4071 335 4124 als
354 4070 451 4122 Gloare
469 4068 628 4140 angesehen
644 4068 759 4121 werden
776 4084 810 4119 zu
828 4067 938 4119 dhrfsn.
979 4063 1217 4135 Naehweirungen

59 4160 136 4227 iiber
152 4158 198 4212 die
211 4158 369 4213 Krankheit
385 4158 435 4209 der
452 4156 563 4228 vitiligo
579 4154 669 4207 findet
684 4171 751 4207 man
767 4153 814 4207 bei
826 4156 998 4208 Elmenhorat
1008 4153 1049 4207 im
1058 4152 1142 4205 Index
1154 4168 1218 4204 zum

59 4248 225 4321 Appuleius.
548 4290 552 4295 .

133 4334 156 4401 §-
177 4334 219 4389 15.
238 4334 422 4387 coemerent.
459 4334 495 4383 So
513 4330 589 4383 lesen
607 4328 670 4381 hier
687 4326 732 4380 die
750 4328 847 4382 beaten
864 4326 1100 4392 Hendschriiten,
1116 4341 1148 4377 so
1166 4323 1217 4374 wie
