2692 4718
354 258 943 329 armnnmnmneans.
1055 318 1062 330 .
1161 258 1240 335 aasz

65 420 224 509 liliatque
236 416 369 491 nubere
380 418 483 489 serris
495 420 579 504 suis,
605 420 783 512 proposita
805 412 1035 489 recusantibus
1053 425 1175 505 morte,
1276 402 1280 413 ¹

64 524 267 615 compellit,
293 532 331 593 nt
347 545 406 593 eus
420 525 485 592 sibi
497 523 650 607 lidinres,
677 534 712 593 et
723 522 868 593 dominis
883 521 1071 591 infestiores
1090 524 1172 593 red-
1202 529 1225 595 8

63 627 176 699 derat
224 626 301 697 sed
315 629 474 696 matronis
489 637 559 696 tam
580 628 744 721 lugubres
766 627 907 719 nuptiae
926 624 1098 718 graviores
1117 650 1177 699 re·
1226 655 1232 668 ·

61 730 412 823 pantiuialuneribus
432 732 539 805 fuere.
588 732 710 820 ltaque
733 733 862 801 multae
878 752 915 799 se
935 739 1013 799 ante
1031 732 1176 821 nuptias,
1202 740 1227 807 4

62 835 196 907 multra
208 833 244 905 ln
256 835 336 927 ipsis
348 836 492 926 nuptiis,
517 835 637 906 occisis
652 838 746 927 prius
762 837 858 904 novis
876 832 1022 918 maritis,
1046 834 1177 905 interli-

61 939 193 1025 aaut,
212 947 251 1007 et
269 948 398 1009 setam
423 939 561 1009 funestis
588 939 852 1027 calamitatibus,
884 938 1009 1008 virtute
1039 935 1187 1033 ingenui
1227 1006 1232 1017 .

56 1042 229 1135 =pudoris,
259 1043 416 1135 eripiunt.
481 1043 656 1113 Proelium
686 1043 812 1113 deindo
838 1041 1075 1114 committiturt
1106 1050 1227 1134 quoti

61 1148 348 1236 victor-tyrannus
362 1148 514 1239 captivos
533 1156 703 1219 senatores
722 1148 757 1217 in
772 1146 936 1238 triumphi
950 1146 1094 1216 modum
1106 1170 1186 1239 per.

62 1272 128 1319 ora
141 1250 265 1321 civium
278 1250 394 1325 trahit.
445 1251 614 1320 Reversus
634 1251 668 1318 in
688 1253 827 1338 urbem,
853 1252 938 1319 alios
957 1250 1077 1336 vincit,
1103 1260 1178 1321 tor·
1204 1258 1228 1322 6

63 1362 152 1445 quet
167 1354 272 1440 ahos,
299 1355 385 1423 alios
403 1356 548 1426 occidit:
579 1356 692 1424 nullus
712 1356 810 1427 locus
832 1355 925 1425 urbis
942 1355 1178 1425 ucrudclitate

62 1458 214 1553 tyranni
213 1468 324 1530 vacat.
364 1460 513 1529 Accedit
527 1460 684 1528 saevitiae
698 1460 891 1545 insolentia,
919 1458 1107 1527 crudelitati
1120 1482 1178 1527 ar·
1204 1465 1228 1528 7

61 1561 232 1657 rogantia.
279 1562 459 1631 Interdum
476 1584 518 1631 ex
532 1585 687 1632 successu
709 1564 888 1634 continnae
901 1562 1069 1631 felicitatis
1084 1561 1227 1633 obli-a
1233 1588 1237 1593 ·

62 1666 202 1735 v'iscitu'r
218 1688 256 1735 se
271 1663 466 1735 hominem·
491 1667 660 1735 interdum
676 1666 765 1736 lovis
782 1690 818 1737 se
832 1668 941 1736 lilium
955 1664 1048 1739 dicit.
1071 1666 1177 1737 Eunti
1204 1672 1237 1763 9¹

63 1792 132 1873 per
159 1770 340 1863 publicum
369 1793 472 1839 aurea
500 1770 617 1859 aquila
646 1770 741 1842 velut
769 1780 1008 1863 argumentum
1041 1772 1177 1863 generis

63 1874 342 1967 pnelerebatu:
365 1884 459 1944 veste
471 1896 667 1968 purpurea,
694 1884 729 1945 et
742 1874 916 1946 cothurnis
929 1898 1054 1967 regum
1065 1877 1232 1969 trega-10..

46 1996 203 2065 ,corum,
229 1988 265 2047 et
285 2000 388 2047 aurea
409 1998 538 2049 corona
567 1979 743 2049 utebatnre
776 1980 886 2049 lilium
911 2001 1057 2070 quoqne
1078 1985 1225 2050 suumtt

64 2074 250 2160 Garanum
273 2092 393 2168 vocat,
418 2091 457 2152 nt
478 2082 572 2152 Deos
592 2104 662 2151 non
681 2084 862 2154 mendacio
882 2092 1032 2169 tantum,
1056 2104 1176 2153 verum
1231 2094 1237 2125 ²

63 2184 171 2257 etiam
185 2186 377 2255 nominibus
392 2186 523 2256 illidat.
575 2187 675 2257 Haec
690 2187 789 2256 illurn
805 2189 922 2259 facere
944 2186 1014 2255 duo
1036 2188 1228 2260 nobilis-12

62 2290 143 2359 ami
155 2282 293 2360 iuvenes
307 2290 421 2359 Chion
435 2301 470 2359 et
481 2290 653 2360 Leonides
672 2291 884 2384 indignantes
891 2342 906 2381 ,Ι
926 2291 1072 2383 patriam
1088 2291 1178 2361 libe-

61 2394 173 2463 nturi
192 2396 228 2462 in
248 2417 369 2463 necem
397 2394 529 2483 tyranni
555 2395 759 2484 conspirant.
817 2396 926 2463 Erant
950 2393 990 2461 hi
1021 2393 1228 2485 discipuli13

62 2496 219 2569 Platonis
254 2494 476 2589 philosophi,
511 2496 570 2587 qni
599 2497 773 2583 virtutem,
806 2497 852 2566 ad
887 2520 992 2586 quam
1026 2500 1180 2586 qnotidie

63 2601 258 2696 praeceptis
274 2602 427 2693 magistri
441 2602 691 2686 erudiebantur,
712 2602 842 2692 patriae
856 2601 1025 2686 exhibere
1035 2601 1180 2693 cupian-

63 2716 135 2789 tes,
160 2706 408 2796 quinquaginta
422 2715 604 2797 cognatos,
630 2706 735 2773 veluti
750 2705 909 2790 clientes,
935 2705 970 2772 in
982 2704 1107 2773 insidiis
1122 2705 1180 2775 lo-

65 2818 157 2883 cant
187 2809 259 2901 lpsi
272 2831 369 2878 more
380 2809 583 2901 iurgantium
599 2810 644 2877 ad
656 2820 846 2900 tyrannum,
866 2809 971 2878 veluti
985 2807 1031 2876 ad
1046 2819 1229 2903 regem,14

28 3004 31 3019 '
60 2996 192 3087 pitudiai
206 3010 289 3065 derit:
332 3011 386 3077 lll,
405 3010 454 3072 19,
472 3010 505 3064 δε
529 3002 682 3083 regiisque,
706 3004 854 3081 nequid
872 3008 980 3061 malis
999 3008 1160 3078 deesset,
1177 3015 1229 3067 de-

64 3112 180 3154 auratus
191 3097 364 3169 insignibam
380 3095 469 3167 verul.
488 3097 533 3162 lv,
551 3098 586 3165 5,
604 3100 648 3153 521
694 3101 792 3154 Vellei.
811 3102 876 3151 Par.
891 3100 932 3162 11,
949 3099 999 3165 26,
1016 3098 1050 3151 2:
1076 3101 1101 3153 N
1110 3113 1125 3150 e
1143 3098 1230 3167 qnid

64 3200 223 3257 usquam
241 3182 346 3235 malis
364 3182 530 3252 publicis
549 3182 713 3249 deesset,
731 3188 762 3236 in
783 3204 840 3255 qna
861 3187 976 3238 civitate
998 3205 1102 3257 semper
1116 3188 1229 3240 uirtuti·

65 3272 117 3327 tue
137 3284 272 3325 certatum
292 3284 349 3335 ast,
366 3271 525 3324 certabatur
536 3266 699 3335 sceleribus,
718 3286 761 3322 wo
776 3272 914 3324 Ruhnken
930 3269 1004 3323 disse
1022 3270 1081 3324 und
1097 3268 1229 3327 thaliehe

61 3356 202 3413 normula
218 3354 272 3409 mit
291 3356 441 3409 mehreren
458 3356 611 3426 Beispielen
629 3354 765 3409 erliiutert
781 3355 841 3413 hat.

29 3426 66 3503 „⁴
136 3442 162 3511 b.
175 3441 205 3515 b·
231 3461 283 3515 per
303 3464 353 3498 ora
373 3447 481 3501 civium.
535 3445 594 3495 var
622 3440 678 3494 den
703 3448 819 3515 Augen,
847 3458 898 3497 aar
920 3442 1015 3498 Schau
1038 3444 1091 3498 der
1114 3446 1230 3519 liiirger.

24 3552 31 3577 ι
63 3528 177 3585 Ehento
194 3527 327 3582 hebetes
346 3531 482 3597 XXXVI,
499 3533 532 3594 l,
549 3531 585 3585 5:
611 3533 658 3585 Ad
668 3547 834 3604 postremum
853 3546 944 3586 tamen
961 3536 1042 3606 pacis
1054 3536 1230 3589 sirnulatioua

65 3620 198 3689 deceptus
216 3621 325 3689 capitur
345 3619 541 3695 traductusque
559 3632 622 3686 per
640 3632 705 3669 ora
723 3620 878 3671 civitatium
895 3622 1025 3693 populis,
1044 3624 1093 3693 qui
1107 3624 1230 3676 descive-

64 3716 148 3766 rant,
165 3704 196 3756 t'rt
209 3703 356 3759 ludibrium
363 3704 478 3775 savaria
498 3706 671 3767 ostenditur3
696 3703 754 3755 und
770 3702 817 3755 bei
841 3708 911 3759 Sall·
931 3708 1058 3777 Jug.31‚
1077 3710 1126 3763 1οι
1148 3712 1230 3762 Ince-

64 3792 139 3845 dm
154 3804 220 3857 per
238 3805 303 3843 ora
320 3806 413 3846 uestra
427 3792 582 3862 magmfica.
624 3788 718 3841 Deher
737 3788 786 3842 bei
809 3794 903 3846 Senec-
927 3795 962 3846 de
984 3794 1078 3864 Bancf.
1098 3794 1230 3863 v11,19e

64 3874 105 3931 ln
121 3889 187 3927 ore
202 3892 350 3949 parentum
364 3880 446 3949 filias
465 3880 585 3950 iugulat.
630 3881 708 3949 Virg.
722 3885 792 3932 Am.
809 3876 839 3945 l,
856 3879 909 3933 95:
928 3881 996 3947 Quis
1010 3887 1092 3931 ante
1111 3900 1161 3935 cra
1171 3900 1231 3955 pa-

65 3976 143 4017 trum
156 3986 191 4003 -
203 3966 322 4034 contigit
334 3979 469 4037 oppetere.
515 3969 571 4018 Cic.
587 3968 665 4020 Vm.
677 3966 719 4031 11,
736 3966 788 4029 33,
805 3966 854 4020 81:
872 3965 909 4016 ιἰι
927 3980 991 4017 ore
1012 3980 1097 4038 utque
1112 3970 1142 4021 ia
1163 3988 1231 4023 acu-

35 4075 41 4087 ·
64 4050 105 4103 lr'e
121 4051 284 4121 prouinciae
308 4066 389 4122 gesta
411 4068 485 4108 sunt.
539 4074 570 4126 p·
590 4059 673 4106 Rosa.
693 4058 756 4107 Am.
777 4054 813 4119 6,
839 4053 888 4106 16:
915 4055 945 4106 ιἰι
960 4051 1030 4125 soro
1053 4066 1082 4107 et
1103 4048 1142 4105 in
1167 4070 1232 4107 ore

64 4138 189 4191 omnium
213 4139 337 4207 quotidie
361 4142 534 4195 versabatur·
583 4159 614 4213 p·
635 4141 727 4194 Drior.
747 4140 782 4203 2,
799 4139 832 4194 δι
858 4143 894 4192 In
909 4144 967 4193 tuis
990 4140 1093 4208 oeulis,
1115 4139 1152 4193 in
1168 4148 1232 4195 tuo

26 4218 30 4229 '
65 4236 136 4275 ore
157 4221 290 4294 uultuque
305 4228 456 4296 acquiesco·
509 4224 574 4279 Und
596 4242 627 4277 so
650 4224 686 4277 ist
703 4228 734 4279 in
752 4245 798 4279 ora
821 4246 905 4297 agere
926 4225 974 4278 bei
989 4226 1104 4281 Tacitus
1121 4226 1166 4280 ott
1181 4244 1226 4280 se·

64 4304 140 4377 viel,
155 4306 199 4361 als
214 4312 404 4383 incompacta
417 4330 486 4368 erse·
521 4312 552 4368 S.
569 4314 686 4386 Lipsius
696 4327 732 4364 au
749 4315 837 4367 Tacit.
849 4316 926 4371 Hirr.
938 4318 991 4387 111,
1007 4316 1052 4373 36·
