2692 4718
28 224 161 342 ‚lars
505 270 882 336 ·1osu1u1-
998 316 1002 323 ,

97 427 374 507 aetbominum
395 434 429 498 et
448 426 670 522 belligerans.
723 426 819 499 Aliis
839 426 942 499 bellis
958 429 1165 522 plurinum
1180 450 1258 501 ma

147 535 256 602 menti
274 532 425 618 babere,
444 533 607 625 priorem
621 532 782 623 abnuam
796 533 931 628 cepisse
946 534 1173 604 occasionem
1188 534 1258 605 toci

25 638 29 645 '
148 638 401 729 temporisque,
416 657 531 728 agros
544 636 753 729 diripuisse,
766 635 873 705 urbes
885 636 1259 731 aliquuseapugnas-

96 746 101 757 ’
129 763 206 823 se:
231 761 312 808 cum
336 739 520 824 Romano,
546 760 610 808 seu
635 740 868 830 occupaveris
887 741 994 831 prior
1009 741 1170 833 '⁰1le
1195 764 1260 812 sen

34 926 38 934 ‚
149 844 295 929 ciceris,
321 850 442 911 tamen
465 843 574 911 etiam
596 863 677 911 cum
701 843 794 911 oicto
825 848 867 910 et-
882 843 1021 911 iocente
1043 834 1270 915 tractantium¹

9 1036 12 1040 Δ
101 958 124 1023 6
152 969 236 1017 esse.
294 944 535 1041 Quamobrem
556 945 686 1038 siquis
710 967 770 1015 eos
791 945 828 1014 in
850 943 965 1014 Italia
981 944 1159 1033 ucenae,
1184 948 1260 1019 snio
1285 1028 1289 1041 Ι

151 1072 211 1120 eos
223 1047 364 1142 opibus,
390 1050 463 1118 suis
473 1047 627 1137 viribus,
652 1048 726 1118 suls
742 1049 854 1117 armis
869 1070 976 1141 posse
990 1050 1151 1135 aiacem,
1166 1052 1261 1121 aaa

101 1155 227 1246 tipse
233 1151 380 1246 fecerit.
420 1151 486 1223 Sin
500 1174 585 1222 vero
601 1150 679 1245 quis
693 1151 765 1221 illis
778 1151 892 1221 Italia
906 1152 1165 1247 oelutsoute
1124 1176 1260 1225 mmm

152 1256 312 1344 cesserit,
332 1255 488 1349 perinde
501 1255 613 1350 salli,
639 1274 687 1323 ac
710 1255 742 1325 si
763 1256 842 1349 quis
863 1252 986 1325 amnes
1007 1278 1082 1325 non
1100 1255 1188 1362 ab
1172 1259 1261 1351 assis

141 1358 300 1455 sontium
317 1359 529 1452 primordiis
555 1359 740 1444 daivare,
765 1358 833 1428 sed
852 1361 1057 1429 concretis
1042 1350 1119 1429 ram
1139 1384 1259 1457 aqnu7

102 1475 124 1538 8
148 1470 232 1532 ru'm
245 1460 396 1532 molibus
409 1471 592 1551 avertere,
617 1462 704 1531 vei
690 1462 873 1531 easicwre
886 1464 998 1531 velit.-
1010 1462 1140 1533 ³Haec
1155 1472 1193 1534 et
1201 1486 1259 1535 se·

148 1574 248 1637 creto
263 1589 303 1637 se
318 1569 509 1654 censuisse,
534 1567 698 1657 ultroqate
717 1567 949 1634 ministerium
971 1568 1107 1635 consilii
1120 1590 1181 1638 sua
1172 1567 1259 1638 ob·-

149 1671 288 1757 tulisse,
316 1678 350 1738 et
368 1693 461 1739 nunc
478 1668 726 1762 praesentibus
750 1670 875 1739 amicis
898 1669 980 1738 ideo
1001 1672 1258 1762 repetisse,ut
1277 1730 1287 1739 .

54 1836 57 1841 .
151 1775 282 1844 scireut
311 1775 624 1843 omues'ratiouem
651 1773 806 1865 gerendi
838 1795 920 1841 cum
948 1772 1124 1843 Romanis
1154 1773 1288 1854 belli3'

102 1885 124 1948 9
154 1899 280 1970 eosque
289 1874 389 1971 soris
410 1878 573 1961 invictos,
600 1869 698 1944 domi
710 1874 880 1969 fragiles
901 1898 985 1945 esse.
1036 1876 1137 1947 Nam
1153 1880 1258 1971 prius

152 1982 232 2051 illos
253 1979 343 2049 urbe
367 2001 474 2072 qnam
493 1979 660 2073 irnperio,
681 1981 787 2070 prius
809 1978 924 2047 Italia
941 2000 1051 2071 quum
1060 1982 1264 2073 provinciis-

154 2085 236 2153 eaui
252 2105 378 2176 posse:
404 2084 534 2176 quippe
557 2090 591 2153 et
612 2106 637 2149 a
666 2081 787 2150 Gallis
811 2090 954 2175 captos,
982 2090 1016 2151 ei
1037 2107 1062 2153 a
1081 2106 1121 2153 se
1139 2106 1258 2179 prope

77 2224 83 2235 ·
153 2188 288 2256 deletos
302 2209 396 2255 esse:
418 2208 531 2278 neque
547 2208 586 2256 se
600 2206 768 2278 umquam
781 2185 912 2255 victum
922 2186 1044 2280 prius,
1060 2197 1258 2279 quamter·

151 2293 205 2360 ris
221 2313 348 2358 eorum
358 2292 509 2362 cesserit
559 2289 719 2358 Reverso
738 2288 1019 2393 Carthaginem,
1039 2292 1164 2361 statim
1178 2314 1258 2405 cum

154 2395 230 2464 loco
242 2393 427 2486 fortunam
442 2393 526 2463 belli
538 2400 724 2462 mutatam.

104 2509 122 2572 1
205 2498 308 2568 Cas.
319 2498 379 2567 Vl.
430 2499 523 2567 Huic
553 2496 734 2567 senteiltiae
762 2496 1003 2566 obtrectatores
1033 2496 1134 2595 amici
1161 2498 1258 2592 regis

152 2611 264 2688 erant,
297 2624 365 2669 non
394 2603 569 2670 utilitatem
604 2602 655 2669 rei
684 2601 889 2692 cogitantes,
915 2600 975 2669 secl
1002 2611 1177 2688 verentes,
1203 2626 1257 2689 ne,

1 2775 3 2781 ,
152 2708 298 2797 probato
316 2695 457 2774 consilia
474 2705 561 2791 eius,
586 2705 734 2796 primum
756 2703 850 2795 apud
864 2727 983 2797 regem
996 2704 1112 2776 locum
1125 2702 1258 2798 &atino

49 2842 52 2847 ’
102 2820 126 2882 2
154 2817 348 2901 occuparet.
383 2808 431 2876 Et
444 2807 618 2878 Antiocho
633 2830 701 2876 non
714 2810 785 2875 tam
802 2808 995 2894 consilium,
1010 2795 1123 2898 'qnam
1138 2820 1259 2879 auctor

154 2914 376 3005 displicebat,
402 2935 446 2979 ne
469 2912 582 3003 gloria
602 2912 761 2981 victoriae
784 2912 1003 2998 Hannibalis,
1027 2935 1097 2981 non
1118 2937 1180 2982 sna
1204 2938 1260 2983 es-
1279 2950 1298 2973 ι

103 3028 125 3092 3
153 3027 212 3088 set.
266 3016 391 3088 Omnia
404 3016 509 3111 igitur
523 3014 622 3087 variis
640 3017 899 3086 assentationum
916 3017 1165 3089 adulationibus
1180 3039 1260 3089 cor·

102 3235 178 3289 euch
195 3236 248 3289 mit
265 3235 358 3290 ciuem
375 3234 461 3290 Datis
477 3234 642 3290 verbunden
657 3232 737 3288 wira.
776 3234 872 3290 Vellei.
884 3238 991 3299 Pauli,
1008 3235 1052 3301 75,
1069 3232 1103 3287 ta
1121 3237 1191 3302 Quis
1203 3254 1260 3291 non

101 3322 246 3375 diversa
264 3323 529 3392 praesentibus
546 3327 740 3395 contrariaque
751 3320 917 3392 exspectatis
929 3314 978 3374 au't
990 3335 1081 3393 speret
1093 3335 1143 3374 out
1159 3324 1260 3377 timet?
1294 3392 1298 3397 ὓ

102 3411 216 3477 Quintil.
232 3411 301 3478 Xll,
321 3413 370 3466 1οτ
388 3413 471 3466 Nihil
482 3426 541 3465 tam
555 3425 597 3464 est
609 3407 737 3479 Lysiae
754 3406 953 3476 disertum,
970 3427 1052 3480 qaam
1064 3412 1212 3463 Isocrates.

170 3496 192 3563 §.
211 3495 240 3550 5.·
262 3510 354 3551 tamen
368 3501 453 3552 etiam
470 3518 531 3551 cum
547 3501 629 3550 uicto.
671 3495 706 3546 In
731 3492 840 3547 andern
863 3493 1010 3564 Ausgahen
1026 3492 1097 3546 wlrd
1114 3509 1174 3550 tum
1190 3503 1261 3549 ttatt

100 3594 192 3636 tamon
209 3580 283 3633 uach
309 3582 388 3655 einer
412 3582 542 3653 hiufigen
565 3578 800 3651 Verwechoelung
823 3579 854 3631 in
875 3579 930 3632 den
948 3580 1165 3634 Handschriiten
1183 3582 1262 3655 gele·

99 3683 160 3723 sen.
203 3666 255 3719 Die
279 3668 501 3739 Wiederholung
525 3666 576 3720 der
598 3667 773 3738 Priiposition
798 3680 858 3720 cum
876 3666 943 3718 dart
958 3666 1037 3720 nicht
1053 3666 1205 3738 suffollen,
1223 3667 1262 3724 da

8 3804 10 3808 ,
100 3752 190 3805 lustin
205 3753 302 3826 hiufig
318 3754 498 3826 dergleichen
514 3754 573 3810 hst.
608 3761 644 3810 so
662 3751 756 3825 gleich
773 3751 899 3804 nschber
915 3754 937 3821 ᾗ.
953 3756 979 3808 6.
997 3756 1023 3807 si
1035 3758 1142 3826 qais—
1153 3759 1201 3809 sin
1214 3777 1261 3810 ue·

100 3859 132 3894 ro
150 3843 212 3910 quis
232 3868 264 3879 -
282 3846 359 3897 acsi
375 3844 445 3915 quis.
480 3842 616 3895 XXXVII
625 3845 681 3910 ,‘2,
698 3844 731 3895 2.·
748 3842 822 3897 Nam
839 3853 866 3892 et
885 3855 941 3904 eo,
955 3860 1011 3911 quo
1027 3842 1138 3910 genitus
1151 3855 1195 3895 set
1210 3862 1260 3896 an·

100 3944 154 3990 no,
171 3940 199 3979 et
217 3941 258 3978 eo
276 3948 328 4000 quo
350 3948 466 4000 regnare
485 3930 604 4001 primum
624 3931 723 4000 coepit.
766 3928 793 3978 S.
812 3924 857 3977 die
874 3928 1004 3980 Anmerk.
1021 3942 1056 3978 zu
1072 3926 1139 4002 Vll,
1159 3930 1191 3993 l,
1211 3929 1259 3982 11:

97 4010 207 4065 Pulsa
225 4016 324 4069 deinde
342 4017 467 4070 Mida-
481 4016 599 4088 aliisque
610 4016 723 4086 regibus
739 4011 864 4083 pulsis.
907 4011 1002 4082 Vergl.
1019 4015 1119 4068 Wasss
1135 4027 1171 4064 an
1187 4014 1258 4068 Sall·

99 4101 165 4169 Iug.
181 4100 225 4152 26.
241 4121 271 4173 p
287 4100 347 4155 101
446 4158 449 4163 ,

173 4185 242 4237 cisa
259 4187 304 4238 vl.
326 4187 348 4254 5.
365 4188 392 4242 8.
414 4188 630 4241 assentationum
653 4186 891 4248 adulationibus
918 4184 985 4236 Man
1015 4182 1152 4237 hemerke
1183 4183 1264 4238 diste.

56 4314 61 4327 ,
101 4270 390 4343 zusammsnstelhmg
406 4270 582 4379 sanandter
598 4273 732 4346 Begrille,
758 4270 865 4326 welche
884 4269 946 4325 sich
963 4270 1038 4327 bites
1060 4271 1108 4327 bei
1123 4270 1257 4326 Dichtem
