2692 4718
96 304 161 376 454
539 302 872 385 ineatur,
1131 286 1133 291 ’

128 470 132 490 ’
149 484 255 556 quum
270 460 410 537 occultis
426 460 556 545 insidiis
569 464 705 535 exitium
725 460 992 553 machinaretur,
1018 470 1187 559 occupata
1196 460 1256 538 '‘'ab

28 628 30 633 .
118 606 122 617 ι
151 568 275 638 eodem
293 560 506 657 interficitur,
531 567 753 663 spiritumque
777 590 847 639 nou
867 568 961 657 feto,
986 568 1047 640 eed
1067 566 1269 662 parricidio¹

100 685 132 749 6·
151 655 266 756 dedit}
289 672 395 765 digne
408 692 544 764 proreue
562 672 632 744 huc
651 656 933 764 morticinium,
954 692 1047 763 ,quae
1062 674 1162 743 etiarn
1177 678 1257 743 rna*-

150 784 236 846 tretn
259 785 336 844 toro
358 776 507 867 expulit,
542 784 577 845 et
597 775 682 869 duae
702 774 788 845 filiae
810 776 928 845 viduae
952 778 1090 846 alterno*
1108 768 1257 847 iralrdrir

46 946 49 952 .
149 879 363 949 matrimonio
376 878 474 966 fecit,
501 886 535 949 et
546 878 618 948 filio
633 874 730 949 alteri
742 880 777 949 in
793 880 944 949 exsilium
960 874 1037 950 a'cto
1052 876 1184 951 bellum
1200 878 1259 951 in-

149 982 247 1071 tulit,
282 978 393 1053 alterl'
410 984 532 1077 erepto
558 1006 666 1081 reguo
697 983 834 1055 exitium
863 979 930 1081 per
955 984 1091 1081 insidier
1119 984 1257 1089 machi-

149 1096 337 1160 uatueet.r

103 1205 121 1268 1
167 1272 173 1285 ἦ
203 1188 290 1262 cn».
315 1188 365 1277 V,
396 1190 468 1265 Sed
482 1213 547 1262 nec
559 1188 756 1261 Alexandro
770 1188 892 1263 caedes
907 1196 977 1259 taur
990 1184 1260 1279 nefaudainuita

17 1296 24 1304 '
149 1292 224 1364 fuit.
275 1294 436 1364 Namubi
452 1297 600 1389 primum
616 1302 830 1387 cornperturn
853 1305 919 1379 eet,
945 1294 1074 1365 scelere
1098 1280 1257 1366 unifica-3

149 1406 236 1467 trem
252 1398 484 1490 interfectam,
510 1420 675 1471 concursu
687 1397 861 1491 populi'in
876 1396 1026 1466 exsilium
1042 1396 1173 1491 agitur3
1199 1422 1259 1469 re-

150 1510 341 1593 vocatoque
363 1504 563 1573 Ptolemaeo
587 1524 731 1596 regnum
753 1500 925 1586 redditur,
951 1502 1011 1591 qui
1037 1524 1148 1593 neque
1175 1526 1258 1574 curn

88 1626 90 1630 ·
151 1616 259 1676 matre
275 1606 409 1676 bellum
428 1616 560 1700 gerere
577 1607 755 1691 voluisset,
767 1627 845 1697 ¹neo
865 1628 886 1672 a
908 1604 1013 1674 fratre
1036 1604 1136 1673 armis
1150 1606 1258 1699 r'epe-

100 1721 124 1801 2
149 1718 240 1796 tere,
266 1709 361 1800 quod
375 1710 470 1802 prior
485 1710 695 1804 possedisset
745 1709 837 1779 Dum
856 1707 946 1780 haec
961 1717 1125 1801 aguntur,
1141 1706 1258 1781 -frater

151 1811 222 1883 eius
246 1835 288 1882 ex
309 1806 438 1907 pellice
461 1824 654 1907 susceptus,
680 1814 736 1907 cui
758 1820 856 1906 pater
878 1811 1086 1903 Cyrenarum
1109 1834 1257 1907 regnum

150 1916 349 1999 testamento
378 1918 578 2021 reliquerat,
602 1916 734 1986 herede
755 1915 890 2008 populo
914 1916 1072 1984 Romano
1091 1916 1257 2005 instituto,

101 2030 124 2092 8
152 2018 297 2091 decedit.
323 2022 396 2103 laur
407 2022 496 2091 euim
510 2022 810 2090 fortunaRourane
824 2020 1002 2113 porrigere
1019 2043 1056 2089 ee
1069 2020 1115 2088 a'd
1123 2018 1258 2092 -Orien-

150 2124 231 2192 talia
247 2147 370 2217 regna,
396 2147 464 2194 non
481 2134 637 2195 contenta
651 2123 767 2192 ltaliae
781 2122 946 2211 terminis,
972 2133 1144 2216 coeperat.
1183 2113 1258 2217 lci-
1275 2123 1277 2128 ’

152 2237 275 2319 queat
297 2253 337 2297 ea
356 2240 436 2323 pare
457 2228 589 2320 Libyae
613 2229 787 2325 prouincia
812 2227 902 2298 facta
919 2237 983 2297 est:
1009 2238 1129 2320 postea
1153 2220 1258 2299 Creta

85 2366 89 2421 l
153 2328 350 2421 Ciliciaque
359 2333 503 2425 piratico
526 2333 621 2402 bello
642 2326 872 2423 perdomitae,
897 2331 932 2427 in
953 2324 1099 2430 formapi
1115 2335 1258 2423 provin*

70 2477 75 2485 «
103 2434 128 2508 4'
153 2434 226 2503 ciac
247 2437 456 2528 rediguntur.
503 2436 582 2522 Quo
606 2437 699 2504 lacto
726 2443 760 2502 et
778 2434 898 2524 Syriae
916 2442 950 2502 et
965 2436 1115 2526 Aegypti
1136 2458 1257 2529 regua,

116 2549 120 2555 '
150 2539 308 2617 Romana
321 2540 489 2619 vicinitate
502 2549 618 2618 artata,
639 2562 727 2628 quae
738 2539 945 2607 incrementa
961 2538 1005 2605 de
1019 2536 1165 2629 finitimis
1177 2542 1258 2608 bel-

117 2640 193 2710 *srs
215 2664 377 2732 quaerere
404 2644 577 2731 solebant,
610 2642 774 2731 adempto
800 2642 948 2731 vagandi
977 2642 1133 2727 arbitrio,
1169 2642 1259 2712 vires
1297 2708 1301 2713 .

118 2766 227 2841 ¹...struas
241 2745 276 2813 in
292 2742 475 2837 perniciem
488 2752 638 2813 mutuam
655 2752 907 2827 converteruut;
934 2743 1039 2832 adeo,
1065 2753 1103 2812 ut
1117 2744 1260 2837 desiduis

102 2850 125 2921 6
151 2848 292 2941 praeliis
324 2850 515 2942 consumpti
534 2849 569 2917 in
592 2856 826 2940 contemptum
851 2846 1070 2917 finitimorum
1093 2852 1263 2937 venerint,-

170 3095 237 3153 en.
252 3098 288 3153 Υ.
308 3098 331 3169 5.
350 3100 374 3155 1.
394 3090 443 3172 pur'
452 3128 488 3142 -·-
502 3099 642 3155 voluisset.
657 3110 662 3116 ’
675 3100 731 3153 Der
749 3095 934 3166 Coniunctir,
952 3095 1077 3151 inroiern
1089 3097 1140 3150 der
1157 3100 1260 3153 Grund

101 3168 153 3235 der
168 3170 255 3238 wahl
274 3184 323 3238 der
343 3178 585 3241 ptolomensem
605 3186 731 3257 Klinige,
751 3200 800 3238 eur
825 3182 876 3238 der
893 3184 972 3241 seele
995 3184 1043 3239 dee
1062 3184 1166 3242 Volkee
1182 3187 1259 3240 reie-

28 3319 32 3325 .
93 3256 156 3323 rirt
173 3270 254 3326 wind.
288 3272 397 3326 Ehenao
418 3294 441 3328 e.
458 3276 494 3342 8,
513 3274 544 3328 1:
565 3278 613 3346 qui
629 3274 677 3328 ille
693 3272 855 3342 legisset.

134 3388 145 3425 ι,
171 3359 194 3426 §-
210 3361 238 3413 4⁶
260 3344 319 3429 Quo
328 3358 425 3428 sacto.
467 3364 524 3428 Qun
536 3359 620 3430 sueto
644 3357 775 3411 hemerltt
797 3360 892 3413 Bremi
906 3373 941 3411 tu
960 3362 1037 3411 Oom.
1052 3360 1123 3431 Nep.
1136 3362 1210 3414 Hau.
1229 3362 1257 3429 8,

100 3440 186 3499 that
203 3444 266 3496 eine
283 3442 415 3523 doppelte
432 3444 604 3516 Bedeutung.
638 3443 786 3498 Eutweder
802 3445 839 3498 iet
856 3460 885 3498 er
897 3445 1044 3517 temporale
1057 3440 1126 3496 oder
1137 3448 1258 3521 cauenle.

100 3516 194 3583 Wenn
212 3547 242 3583 ee
259 3526 472 3605 temporale'iet‚
496 3548 527 3585 eo
550 3530 588 3584 iot
610 3549 638 3585 er
659 3548 725 3606 poet
744 3535 816 3606 quod
826 3533 953 3604 factum,
977 3531 1104 3603 hieruus3
1127 3548 1211 3587 wenn
1230 3549 1259 3586 er

101 3619 212 3672 causale
233 3616 284 3685 itt,
313 3634 344 3671 eo
360 3616 496 3670 bedentet
513 3636 541 3672 ee
562 3635 676 3694 propter
700 3623 772 3693 quod
792 3618 919 3691 suetum,
944 3620 1102 3690 deewegen,
1126 3622 1260 3676 dudurclt.

101 3704 169 3757 Hier
188 3705 225 3757 irt
244 3720 273 3757 er
292 3703 465 3773 temporale,
489 3708 609 3780 hieraufi
653 3706 748 3779 Vergl.
771 3707 813 3775 V,
832 3710 865 3771 1,
882 3706 915 3762 5:
946 3707 1019 3768 Quo
1039 3704 1140 3758 facto
1166 3713 1260 3764 emnia

104 3794 238 3847 Graeciae
257 3813 345 3865 regna
362 3793 493 3847 velutad
513 3796 726 3867 extinguendum
745 3813 882 3848 commune
907 3793 1061 3845 incendium
1087 3809 1260 3849 concurrunt.

101 3876 235 3948 Degegen
252 3880 309 3947 Xl,
328 3879 361 3944 1,
379 3879 430 3935 10:
452 3896 524 3950 quc
538 3880 640 3935 facto
658 3896 765 3936 tantum
784 3882 838 3934 eibi
845 3880 974 3951 savorem
995 3881 1113 3933 omnium
1127 3882 1261 3958 concilia·

101 3978 209 4032 aliisue
226 3979 276 4019 etc.

172 4050 195 4118 ᾗ.
211 4036 237 4106 5.
255 4052 371 4125 proeliis
389 4055 549 4125 consumpti.
574 4052 631 4104 Der
644 4050 881 4124 grammatirchen
891 4049 1076 4120 Verbindung
1088 4048 1162 4103 nech
1176 4048 1262 4105 rollte

11 4176 12 4183 ,
79 4184 82 4189 ,
104 4149 134 4217 pr
152 4154 310 4209 consumpta
327 4137 452 4206 heleseu,
470 4140 521 4192 wie
538 4136 612 4192 uuclr
629 4138 696 4192 uwel
713 4137 930 4194 lleudrchriften
947 4139 1042 4205 lesen,
1061 4136 1121 4189 und
1139 4140 1261 4208 Scireffer

104 4221 211 4275 endere
229 4224 336 4290 wollte;
357 4225 430 4279 denn
448 4247 535 4298 regna
551 4226 620 4299 geht
637 4224 748 4282 rothen.
784 4226 873 4279 Allein
893 4226 942 4279 dur
959 4224 1093 4303 Priidiket
1108 4222 1261 4289 wird'hier

105 4308 170 4362 dem
188 4307 273 4368 siene
290 4311 364 4365 nach
381 4312 431 4367 eut
447 4312 493 4366 die
506 4311 673 4367 Einwohner
687 4310 823 4383 beregen.
857 4317 1028 4370 Munnenut
1041 4309 1117 4365 diere
1135 4310 1180 4367 oft
1195 4328 1261 4366 vor·

118 4612 147 4655 „A
