2692 4718
434 880 812 960 usnun'vnl.
901 829 906 843 ⁸

66 1322 76 1333 .
325 1260 662 1329 nauvlsumu
693 1248 932 1324 οιιιιιιιι
1052 1224 1068 1327 s
1287 1345 1291 1354 Ι

56 1391 86 1453 t.
111 1381 254 1447 Graecias
274 1383 375 1445 clades
397 1383 453 1443 sub
475 1382 619 1464 Philippo
633 1381 830 1446 Macedone·
853 1380 991 1442 Thebani
1012 1390 1043 1442 et
1062 1376 1218 1444 Phoceu-¹

69 1542 73 1553 Ι
118 1492 165 1531 ses
186 1471 260 1531 belli
281 1470 383 1531 civilis
406 1470 496 1529 faces.

54 1563 87 1627 2.
109 1556 244 1617 Thebani
264 1555 442 1635 Philippum
464 1561 620 1613 arcessunt
649 1561 756 1612 contra
782 1550 966 1616 Phocenses.
1008 1550 1207 1617 Athenienses

118 1642 280 1702 transitum
302 1638 488 1739 Philippiis
514 1638 672 1698 Graeciam
692 1636 849 1718 impedire
859 1638 995 1705 student.

24 1718 27 1723 ¹
53 1737 87 1801 8.
107 1726 266 1808 Philippus
295 1726 431 1785 civitates
461 1725 559 1784 socias
595 1721 722 1803 disipit·
756 1721 979 1803 Cappadociam
1014 1720 1208 1785 Macedoniae
1271 1742 1274 1747 ’

69 1812 271 1891 ·sdiungita
293 1809 460 1890 Olynthios
482 1808 579 1871 delet:
601 1806 795 1868 latrocinium
819 1818 943 1868 exercet
964 1808 1056 1873 variis
1080 1808 1189 1870 modis.

52 1904 86 1968 4.
105 1897 356 1972 Atheniensibus,
378 1895 551 1972 Thessalis,
580 1894 711 1955 Boeotiis
741 1902 773 1955 et
794 1893 999 1955 Phocensibus
1021 1892 1160 1955 callida
1150 1914 1209 1955 sm-

116 2005 255 2065 ponens,
278 1981 431 2060 angustias
454 1977 752 2061 Thermophylarum
774 1989 914 2061 occupat.

53 2073 87 2142 6.
107 2069 279 2132 Phocenses
300 2062 341 2128 ad
356 2062 555 2142 deditionem,
576 2073 607 2124 et
628 2064 762 2146 reliquos
784 2065 917 2125 Graecos
939 2064 1021 2146 cogit
1041 2065 1081 2129 ad
1101 2062 1209 2129 euvils

117 2156 189 2214 obse
211 2153 307 2212 uinm.

53 2244 86 2310 6.
109 2174 319 2303 Monichian
340 2255 411 2297 cum
432 2254 550 2296 summa
570 2231 722 2294 iniustitia
746 2231 918 2298 constituit.
997 2279 1001 2288 .

526 2457 736 2479 m—

501 2758 694 2833 onens
743 2761 771 2833 ι
819 2704 822 2719 ἲ

59 2867 283 3007 Gemens
294 2933 456 3020 civitates,
476 2931 561 3003 dum
573 2932 743 3027 imperare
758 2934 913 3029 singulae
926 2936 1079 3031 cupiunt,
1101 2934 1169 3006 im-
1191 2956 1210 3019 1

56 3042 192 3134 perium
214 3061 331 3108 omncs
358 3038 599 3131 perdiderunts
638 3037 769 3129 quippo
792 3040 829 3109 in
856 3047 1010 3110 mutuum
1032 3039 1212 3136 exitium
1307 3094 1310 3101 .

57 3145 130 3214 sine
153 3142 261 3213 modo
281 3154 432 3226 ruentes,
459 3142 614 3210 omnibus
628 3140 761 3232 perire,
786 3143 881 3232 quod
898 3144 1050 3236 singulae
1069 3143 1170 3211 amit-

55 3256 178 3330 terent,
193 3267 263 3315 non
283 3246 346 3315 nisi
359 3267 545 3336 oppressae
556 3253 737 3313 senserunt.
787 3246 965 3336 Siquidem
978 3244 1172 3337 Philippus,
1193 3252 1214 3316 8

52 3372 114 3418 rex
131 3347 373 3435 Macedoniae,
392 3349 483 3417 velut
500 3346 674 3439 especula
687 3346 848 3436 quadam,
864 3348 1009 3418 libertati
1020 3351 1173 3417 omnium

39 3444 242 3538 'insidiatus
268 3451 353 3520 dum
366 3451 596 3521 contentiones
613 3451 800 3521 civitatium
813 3452 883 3538 alit,
908 3450 1069 3522 auxilium
1083 3452 1173 3520 infe-

55 3556 200 3653 rioribus
222 3554 388 3641 ferendo,
412 3556 521 3626 victos
538 3554 666 3646 pariter
682 3553 895 3674 victoresque
909 3555 1022 3625 subire
1042 3554 1173 3648 regiam
1279 3610 1283 3615 ,

52 3644 247 3729 servitutem
280 3658 404 3750 coegit
464 3656 576 3728 Causa
601 3667 636 3727 et
663 3657 764 3750 origo
786 3657 887 3729 huius
911 3660 993 3729 mali
1014 3658 1216 3729 Thebani4

52 3761 176 3831 sucre:
193 3760 281 3851 qui,
306 3784 414 3851 quum
436 3784 550 3831 rerum
569 3760 789 3882 potirentur,
804 3763 987 3834 secundam
1002 3761 1174 3831 fortunam

52 3864 232 3937 imbecillo
256 3864 368 3935 auium
383 3865 558 3963 ferentes,
579 3865 687 3935 victos
705 3865 806 3934 armis
826 3864 1119 3936 Lacedaemonios
1141 3872 1175 3934 et
1287 3940 1290 3945 ,

53 3966 270 4053 Phocenses,
296 3965 393 4059 quasi
405 3990 513 4060 parva
511 3966 697 4060 supplicia
718 3968 879 4039 caedibus
895 3978 929 4038 et
943 3968 1069 4060 rapinis
1088 3968 1173 4038 luis-

54 4079 148 4171 sent,
174 4068 271 4177 apud
286 4092 467 4143 commune
484 4071 662 4141 Graeciae
672 4071 856 4142 concilium
873 4074 1021 4165 superbe
1033 4093 1174 4144 accusa-
1254 4146 1259 4155 .

57 4184 190 4245 verunt.
239 4172 521 4245 Lacedaemoniis
533 4172 804 4263 criminislatum,
832 4176 929 4267 quod
944 4198 1057 4246 arcem
1072 4174 1173 4244 The-
1194 4182 1216 4246 6

61 4280 190 4393 banasa
218 4276 430 4359 induciarum
460 4286 617 4372 tempore
646 4288 887 4374 occupassent.
928 4277 1174 4365 Phocensibun
1193 4271 1220 4350 δ’
