2692 4718
194 404 197 409 '
291 420 294 425 ·
337 340 782 458 'fllsu'011.tru.luL1v.
812 396 965 465 CAR&
1172 399 1233 466 491

72 559 147 623 etos
170 550 243 621 dieu
264 552 443 644 epularum
462 562 653 645 apparatus.
703 553 806 643 Aqua
824 554 936 625 calida
956 554 1080 642 lavari,
1106 563 1185 648 post

72 648 410 727 secundum'bellum
429 657 595 727 Punicum
613 682 635 724 a
648 658 813 727 Romanis
826 658 989 730 didicere.
1039 660 1079 726 ln
1091 668 1185 728 tauta
1212 669 1234 731 7

72 761 269 831 occulorum
289 762 374 829 serie
392 760 508 829 nullus
527 761 592 829 illis
609 761 679 829 dux
700 770 843 853 magnus
865 772 1003 853 praeter
1017 762 1184 832 Viriatum

72 864 157 947 l’uit3
182 866 251 953 qui¹
265 865 357 932 anuis
383 864 504 935 decem
530 866 705 933 Romanos
726 866 819 934 varia
848 867 987 937 victoria
1010 866 1184 958 latigavitr
1227 892 1230 899 ·

73 968 167 1037 adeo
195 968 276 1037 feris
305 970 486 1059 propiora,
514 992 617 1058 qnam
645 968 860 1055 hominibus,
885 970 1023 1061 ingenio
1049 978 1183 1062 gerunt.

74 1072 191 1157 Quem
204 1072 335 1162 ipsum,
361 1094 430 1139 non
445 1073 572 1142 iudicio
588 1074 712 1163 populi
733 1074 900 1158 electum,
928 1074 1041 1141 redut
1060 1096 1185 1143 cuven-

73 1174 113 1243 di
126 1178 307 1262 scientem,
322 1176 681 1266 declinandorumque
695 1178 926 1268 periculorum
943 1178 1107 1268 peritum,
1128 1201 1184 1247 se-

73 1278 244 1349 cutiruut.
297 1277 402 1348 Cuius
422 1303 462 1348 ea
477 1281 579 1349 virtus
596 1280 868 1370 continentiaque
886 1281 968 1368 fuit,
996 1290 1053 1368 ut,
1078 1305 1184 1370 quum
1214 1290 1236 1352 8

72 1384 268 1453 cumulares
286 1384 448 1453 exercitus
464 1384 660 1474 frequenter
679 1386 814 1470 vicerit,
840 1385 938 1451 tantis
953 1386 1055 1453 rebus
1070 1386 1184 1476 gestis,

72 1508 145 1555 uon
173 1509 362 1572 armorum,
388 1509 457 1555 non
484 1489 583 1556 vestis
606 1489 754 1573 cultum,
786 1510 855 1555 non
881 1489 1028 1575 deniqne
1058 1476 1213 1559 nictum¹

74 1586 271 1675 mutiierit3
296 1591 358 1658 sed
380 1591 417 1659 in
435 1613 477 1659 eo
491 1591 630 1677 babitu,
656 1598 726 1681 ¹(pro
745 1592 892 1683 primurn
910 1591 1039 1660 bellare
1058 1593 1184 1683 coepit,

76 1696 320 1785 perseveravit,
345 1703 383 1762 ut
411 1696 519 1783 quivis
547 1696 726 1791 gregarius
753 1696 852 1765 mileu
878 1696 954 1787 ipso
977 1696 1184 1785 imperatore

79 1794 461 1889 opulen‘tioruideretur.
883 1802 886 1809 '

126 1898 214 1971 Gur.
239 1900 301 1969 lll.
353 1901 393 1967 ln
416 1902 584 1995 Lusitanis
615 1901 707 1968 iuxtn
735 1901 876 1970 fluvium
907 1900 1048 1992 'l'agum
1081 1906 1182 1970 vento
1212 1910 1232 1973 1

82 2025 180 2091 aquae
200 2002 312 2072 foetur
334 2002 517 2094 concipere
539 2004 637 2072 multi
659 2014 814 2075 auctores
831 2003 1030 2096 prodidere.
1081 2005 1183 2089 Quae

84 2106 216 2177 iabulae
234 2129 276 2175 ex
298 2129 461 2194 equarum
481 2107 727 2193 foecunditate,
755 2118 788 2175 et
802 2129 950 2200 gregum
966 2107 1183 2176 multitudine

87 2220 175 2277 ratae
194 2219 284 2279 sunt:
310 2209 368 2297 qui
396 2211 477 2277 tanti
509 2211 543 2276 in
573 2211 751 2278 Gallaecia
774 2220 808 2279 et
832 2211 1018 2297 Lusitania,
1045 2235 1085 2280 ac
1112 2220 1183 2277 tam

89 2313 230 2383 rornicou
243 2314 410 2392 visuntur,
437 2322 554 2381 utnon
569 2314 736 2381 immerito
752 2323 852 2381 vento
867 2314 942 2405 ipso
958 2314 1116 2403 concepti
1131 2315 1182 2381 vi-

90 2416 229 2485 leantur.
288 2414 444 2484 Gallaeci
470 2423 583 2483 autem
606 2416 776 2485 Graecam
802 2416 865 2484 sibi
895 2416 1062 2507 originem
1092 2408 1183 2483 asse·
1212 2426 1235 2485 2

93 2528 176 2589 unt:-
197 2518 362 2609 siquidem
384 2528 461 2609 post
481 2520 583 2611 finem
598 2519 739 2587 'l'roiani
757 2519 840 2586 belli
853 2518 1046 2603 Teucrum,
1073 2529 1184 2587 morte

95 2621 190 2693 tiioir
205 2622 316 2690 fratris
338 2622 478 2690 invisum
500 2623 589 2712 patri
608 2622 809 2707 Telamoni,
836 2644 940 2712 quum
963 2646 1032 2691 non
1046 2623 1186 2714 recipe·
1220 2654 1223 2659 ·

97 2736 169 2819 otu!
190 2726 227 2795 in
248 2748 410 2816 regnum,
437 2725 592 2823 {lyprum
613 2727 831 2825 concepisse,
858 2728 961 2815 atque
987 2727 1036 2795 ibi
1059 2728 1185 2795 urbem

99 2828 213 2899 umine
226 2830 384 2918 antiquae
401 2830 530 2919 patriae
547 2830 753 2898 Salaminam
769 2830 979 2910 condidisse3
1004 2829 1105 2917 inde,
1126 2854 1186 2900 ac-

101 2942 177 3032 epta
191 2934 357 3025 ,opinione
371 2924 534 3025 paternae
558 2932 691 3019 mortio,
717 2934 863 3023 patriam
882 2935 1058 3026 repetisse.
1114 2933 1186 3003 Sed
1214 2944 1237 3005 3

103 3060 181 3113 uum
206 3038 252 3105 eb
277 3038 472 3127 Eurysace,
504 3036 617 3105 Aiacis
649 3038 741 3123 filio,
769 3060 902 3106 accessu
931 3036 1185 3130 prohiberetur,

104 3141 262 3233 'ispaniae
276 3141 430 3209 litoribus
445 3142 627 3231 appulsum
640 3141 737 3224 loca,
764 3141 823 3207 ubi
839 3163 927 3208 nunc
941 3152 989 3211 est
1004 3140 1184 3231 Carthago

106 3268 192 3333 ova,
218 3265 422 3335 occuparem
447 3244 527 3311 inde
553 3244 767 3311 Gallaeciam
796 3244 967 3326 transisse,
1001 3253 1037 3311 et
1067 3245 1185 3337 positis

108 3344 210 3417 diuus
229 3350 324 3440 genti
343 3370 467 3415 nomen
491 3347 633 3417 dedisse.
692 3347 889 3415 Gallaeciae
920 3355 1034 3414 autem
1067 3348 1183 3440 portio
1213 3357 1248 3418 4·

109 3450 308 3549 ''rtrplrilocbi
324 3451 487 3521 dicuntur.
537 3452 654 3543 Regio
674 3474 752 3521 cum
768 3451 852 3520 aeris
873 3472 913 3521 ac
927 3451 1059 3541 plumbi
1077 3453 1183 3520 uber-

112 3580 176 3645 uu,
201 3545 274 3623 tum
289 3564 323 3624 et
337 3554 460 3644 minio,
477 3555 688 3645 quodetiam
707 3555 817 3625 vicino
831 3554 961 3624 flumini
977 3577 1101 3623 nomen
1119 3555 1183 3623 de·
1229 3596 1232 3605 ·

141 3706 213 3761 Clu.
229 3696 275 3757 til.
294 3704 317 3771 fi.
333 3706 359 3759 2.
378 3707 486 3758 nomine
498 3707 631 3774 antiquae
640 3707 759 3773 patriae.
795 3706 935 3775 Wopkens
945 3704 1041 3756 wollre
1056 3718 1111 3767 uor·
1126 3709 1239 3756 nomine

117 3790 312 3861 =Priiporitiorr
329 3813 363 3844 ex
381 3788 577 3850 einrchieben3
598 3788 717 3841 welches
741 3787 885 3841 vielleicbt
908 3789 987 3842 nieht
1010 3791 1126 3860 norhig,
1153 3806 1238 3841 werrn

119 3876 169 3931 inlr
194 3882 273 3931 iuuet
295 3876 506 3948 gewbbnliclrer
529 3875 574 3927 ist.
616 3878 643 3925 8.
668 3874 713 3927 die
737 3879 867 3930 Anmerlr.
890 3892 924 3927 zu
942 3897 965 3929 c.
981 3878 1005 3929 1.
1029 3878 1052 3946 ᾗ.
1065 3878 1092 3932 2.
1138 3875 1238 3951 Vergl.

120 3964 189 4029 ull,
199 3966 244 4037 {¹2
260 3964 412 4036 uultuque
427 3966 517 4017 Italia
529 3964 603 4033 regis
621 3977 664 4012 no
674 3960 768 4012 mine
786 3964 921 4015 Saturnia
936 3964 1077 4034 appellato
1090 3975 1142 4017 eae.
1169 3960 1240 4013 llin-

122 4062 160 4105 ιιι
176 4040 230 4103 de'r·
245 4034 343 4103 beaurt
360 4052 520 4116 Salamina,
539 4046 645 4099 welche
663 4047 723 4100 sich
740 4048 769 4101 iu
784 4048 895 4118 einigen
906 4046 1124 4102 Handrehriiten
1138 4046 1239 4115 findet,

124 4138 173 4193 die
188 4142 317 4195 Amnorl.
336 4154 371 4191 zu
388 4139 433 4202 ll,
450 4139 486 4205 6,
505 4139 538 4192 te
555 4134 758 4191 nacbzurehen.
815 4148 818 4159 ·

126 4244 130 4257 ·
139 4228 169 4305 J.
184 4224 214 4281 4·
237 4242 296 4301 rum
313 4239 341 4278 et
357 4227 451 4278 minio·
495 4222 655 4274 Auliallend
678 4223 714 4273 ist
739 4223 790 4275 der
812 4222 944 4277 Wechsel
962 4221 1012 4273 der
1030 4218 1241 4287 Conntruotion,

126 4312 201 4369 dunlb
217 4314 307 4367 Faber
323 4311 397 4365 auch
414 4314 492 4365 minii
506 4310 628 4375 iindern,
647 4311 765 4378 Sclmffer
783 4310 852 4361 uber
869 4312 952 4362 minio
970 4307 1022 4358 mit
1039 4307 1108 4359 dena
1126 4306 1240 4375 folgen-

127 4396 456 4466 ‚dr'tiaar'ma-verbinden
473 4396 580 4452 wollte.
615 4396 711 4451 Beidea
725 4396 763 4450 iat
779 4395 931 4468 unnorhig;
952 4395 1027 4448 deun
1044 4394 1122 4451 auclr
1139 4392 1241 4446 ander-
