2692 4718
341 358 367 425 ,·
476 364 787 429 rnorocr.
901 310 918 425 s
1123 336 1213 435 ,ιιι

200 580 206 597 .
337 524 578 593 Pnouoeus
604 521 744 591 Lruur
769 484 928 591 XXXIV.

136 630 269 715 Quarto
293 636 327 697 et
348 628 516 698 tricesimo
537 597 712 694 vohrmine
734 626 946 696 continentur
973 622 1072 697 haec.
1128 621 1215 692 Bel-

50 734 128 854 jum
157 732 368 817 Achaicum,
402 731 498 821 quod
528 730 677 798 Romani
715 753 779 821 per
814 728 996 797 Metellum
1028 735 1071 797 et
1095 725 1214 795 Murri·

56 839 164 908 mium
186 860 270 928 ¹eges
257 858 345 904 stere
380 856 450 925 quo
481 834 591 903 diruta
622 841 672 902 est
703 833 898 915 Corinthus·
956 830 1096 901 Bellum
1124 829 1231 921 regis,

58 941 314 1010 Eumeniscum
337 936 594 1030 Gallograecis,
620 947 654 1005 et
678 936 713 1005 in
735 936 861 1005 Pisidia
885 959 964 1008 cunr
987 934 1216 1027 Selgeusibus.

58 1046 129 1113 Res
151 1040 241 1132 qu'as'
257 1042 359 1135 gessit
379 1042 498 1132 Syriae
520 1062 580 1117 rex
601 1039 808 1126 Antiochus,
834 1049 868 1109 et
887 1061 947 1109 rex
960 1037 1113 1131 Aegypti
1131 1038 1218 1105 Pto-

59 1147 218 1215 lemaeus.
286 1147 469 1236 Repetitae
505 1144 586 1212 inde
623 1143 770 1235 origines
804 1167 927 1235 regum
956 1141 1217 1235 Cappadocum.

60 1250 110 1320 Ut
145 1259 279 1318 mortuo
295 1248 494 1345 Epiphane
524 1247 740 1329 Ptolemaeo,
773 1245 883 1316 relicti
913 1246 956 1314 ab
986 1269 1028 1315 eo
1058 1245 1120 1313 filii
1148 1243 1219 1312 duo

60 1353 275 1435 Philometor
306 1362 339 1421 et
362 1352 568 1461 Erergetes,
595 1351 744 1441 primum
770 1372 848 1418 curu
870 1349 1042 1419 Antiocho
1066 1347 1221 1416 habuere

59 1458 215 1544 bellum,
243 1455 338 1545 quod
366 1454 431 1546 p'er
456 1457 632 1523 Romanos
658 1453 788 1531 finitum
811 1461 877 1522 est:
910 1453 1035 1520 deiude
1057 1452 1143 1539 iuter
1173 1475 1220 1537 se,

61 1584 131 1651 quo
153 1560 260 1628 maior
282 1568 330 1627 est
353 1560 530 1651 expulsus3
560 1544 797 1647 restitutoque,
823 1557 972 1624 Romani
993 1557 1081 1624 inter
1101 1557 1220 1624 fratres

61 1688 169 1756 regna
197 1663 386 1731 diviserunt.
445 1662 495 1732 Ut
518 1671 653 1730 mortuo
675 1684 761 1753 rege
782 1661 901 1751 Syriae
927 1659 1121 1747 Antiocho,
1142 1642 1221 1727 De-

62 1768 201 1838 metrius
231 1766 434 1858 cognomine
463 1767 584 1851 Soter,
611 1764 669 1854 qui
691 1765 826 1834 Romae
853 1764 964 1832 fuerat
989 1764 1104 1847 obser,
1130 1763 1221 1833 clam

62 1871 169 1965 fugit3
202 1878 437 1961 occupataque
460 1870 576 1959 Syria,
601 1867 734 1937 bellum
758 1890 836 1937 cum
858 1865 1047 1936 Timarcho
1069 1866 1222 1937 Medeo
1222 1945 1245 1965 Ι,

64 1998 141 2044 rum
168 1995 251 2065 rege
279 1973 419 2057 habuit,
445 1969 625 2041 Ariarathe
650 1994 735 2063 rege
766 1969 1028 2062 Cappadocum.
1079 1969 1131 2040 Ut
1155 1970 1222 2039 ha·
1275 2011 1282 2034 ι

63 2078 135 2148 bita
155 2077 241 2145 inter
264 2075 478 2146 Ariarathem
499 2083 534 2143 et
554 2062 797 2168 Orophernem
813 2076 913 2167 regui
928 2074 1137 2151 certamina
1172 2072 1224 2143 Ut
1305 2062 1308 2071 ¹

66 2188 216 2250 mortuo
225 2202 310 2272 rege
332 2180 433 2248 Asiae
452 2180 634 2265 Eumene,
652 2177 814 2248 suffectus
836 2178 971 2250 Attalus
982 2178 1124 2250 bellum
1144 2178 1223 2253 crim
1291 2254 1295 2258 ,

64 2284 283 2379 Selgensibus
305 2282 444 2372 habuit,
470 2291 506 2352 et
527 2305 607 2355 cum
626 2304 712 2377 rege
731 2280 857 2352 Prusia.

365 2471 610 2543 Proroous
626 2470 764 2542 ernr
786 2469 928 2542 XXXV.

146 2592 274 2678 Quinto
295 2599 330 2660 et
352 2591 523 2662 tricesimo
552 2591 724 2663 volumine
748 2593 958 2663 eontinentur
987 2589 1087 2662 haec.
1128 2589 1224 2688 Bel-

68 2696 140 2765 lum
161 2696 345 2767 Piraticum
369 2694 455 2763 inter
475 2694 592 2765 Cretas
614 2704 650 2766 et
674 2696 852 2767 Rhodios·
877 2694 998 2765 seditio
1023 2674 1225 2781 Cnidiorum

71 2800 248 2868 adversum
285 2800 516 2872 Ceramenses.
582 2800 629 2869 Et
665 2800 825 2868 adversus
853 2798 1066 2869 Demetrium
1104 2798 1226 2869 Sotera

73 2902 269 2970 subornatus
288 2915 338 2970 est
359 2903 572 3003 Alexander,
604 2913 765 2995 tauquam
788 2894 922 2998 genitus
930 2893 1131 2997 Epiphaue
1152 2905 1226 2973 An·

74 3002 208 3085 tiocho;
233 3025 303 3092 quo
326 2998 419 3073 bello
438 3008 550 3075 victus
572 3006 815 3092 Demetrius,
805 3007 947 3077 ruvirum
967 3007 1105 3076 stultitia
1119 3007 1226 3076 Alex-

75 3107 217 3177 andrum
235 3105 330 3176 bello
353 3108 449 3193 vicit,
474 3109 655 3177 adiuvante
669 3111 869 3179 Ptolemaeo
890 3110 1142 3201 Philometore,
1169 3111 1227 3201 qui
1275 3166 1278 3171 .

76 3235 114 3282 eo
135 3210 244 3279 bello
277 3209 411 3283 interiit.
475 3209 527 3280 Ut
561 3211 687 3281 deinde
722 3221 797 3280 orte
831 3212 1007 3282 Demetrio
1035 3214 1129 3283 bella
1162 3216 1228 3284 sint

77 3337 150 3395 cum
177 3312 330 3382 Diodoto
363 3312 572 3406 Tryphone:
604 3315 829 3407 expulsosque
856 3339 878 3384 a
903 3316 1097 3437 Tryphone
1116 3340 1226 3423 reguo

78 3410 191 3508 syriae
216 3416 416 3488 Demetrius.
477 3416 618 3509 Repetit
636 3418 729 3488 iude
758 3419 940 3510 superioris
967 3422 1071 3493 Asiae
1104 3433 1227 3539 motus,

79 3520 181 3635 tactos
202 3540 273 3615 per
287 3521 451 3592 Areteum
468 3531 503 3593 et
524 3523 688 3595 Arsacem
709 3522 887 3596 Parthum.

354 3710 593 3781 Pronurus
617 3695 756 3782 L'raur
780 3709 940 3783 XXXVI.

149 3824 254 3899 Sexto
279 3838 313 3899 et
332 3832 503 3902 tricesimo
524 3832 696 3903 volumine
712 3833 922 3904 continentur
936 3832 1036 3925 haec.
1072 3830 1123 3902 Ut
1135 3830 1229 3937 Try-

82 3929 165 4025 ph03
189 3933 290 4026 pulso
319 3934 419 4025 Syria
449 3935 640 4022 Demetrio,
667 3946 839 4029 captoque
862 3934 1068 4023 aParthis,
1098 3928 1229 4006 bellum

82 4036 176 4129 gessit
207 4058 287 4106 cum
319 4036 423 4107 fratre
456 4041 526 4109 eius
556 4037 731 4113 Antiocho
761 4042 967 4139 cognomine
989 4041 1117 4109 Sidete.
1178 4034 1230 4111 Ut
1293 4043 1300 4055 ’

83 4138 280 4228 Antiochus,
302 4139 481 4231 interiecto
497 4144 677 4235 Hyrcano,
702 4144 854 4215 ludaeos
871 4144 1016 4238 subegit.
1067 4143 1229 4236 Repetite

84 4241 190 4324 ude)
178 4266 214 4331 ιιι
240 4254 378 4315 excessu
404 4246 505 4343 origo
537 4246 752 4317 Iudaeorum.
808 4246 859 4317 Ut
886 4272 945 4318 rex
966 4248 1070 4318 Asiae
1094 4236 1229 4319 Attalus

84 4342 208 4433 'laeuos
237 4346 405 4422 Thracas
414 4350 567 4446 subegit,
600 4370 896 4446 successoremque
915 4352 1050 4447 impelii
1073 4353 1226 4425 Attalum
