2692 4718
175 280 346 362 usuor'.
372 294 461 359 ura
488 292 527 359 v.
555 294 654 365 car.
676 297 710 366 e,
952 286 1028 369 'il
1055 288 1061 303 ’

175 451 272 543 ease,
297 472 364 523 uee
382 452 418 528 irs
439 450 731 545 lurore,'studiis
756 464 986 525 suorum-e!-

174 680 209 727 m
227 656 321 730 isaeo
332 666 492 752 aguntur,
518 680 541 727 a
551 655 834 731 lacedaemoniis
851 657 986 748 byssu-
1008 674 1026 738 ι

174 784 260 853 uque
289 763 503 856 pmeiicitur3
542 770 579 831 et
602 761 638 830 iu
664 763 782 833 locum
799 758 990 831 Tisaiemis

174 888 306 952 earum,
331 865 439 957 filium
451 886 550 935 suum
562 863 691 956 cyrum
703 866 821 935 leniae
834 862 988 955 Lydiae·
1059 934 1063 947 ,

178 992 189 1038 ε
227 969 287 1060 qui
320 968 615 1056 Lacedaemonios
637 969 769 1039 auxiliis
795 968 988 1060 opibusque

173 1095 221 1141 rac
243 1072 367 1165 prieris
382 1074 498 1146 erexit.
547 1072 652 1142 Aucti
664 1073 770 1165 igitur
781 1070 1031 1147 viribusAi-2

173 1185 292 1246 cutum
316 1179 457 1246 navibus
470 1177 507 1244 iu
530 1175 646 1246 Asiam
663 1177 876 1270 proiectum,
900 1162 988 1243 duim

173 1302 214 1350 ce
240 1280 359 1350 divites
381 1278 527 1351 securius
548 1281 754 1373 populatur,
780 1287 816 1349 et
835 1276 989 1372 praedae

173 1382 365 1455 insidiarum
380 1393 474 1454 metu
485 1404 619 1476 sparsos
638 1382 761 1452 milites
779 1381 905 1466 babet,
929 1402 987 1451 re·

172 1510 192 1556 u
215 1509 433 1580 oppressere3
463 1496 622 1577 mutaque
652 1485 777 1557 caedes
798 1483 1031 1578 palantium-i

172 1592 289 1665 ulneris
313 1612 356 1659 eo
378 1591 514 1684 proelio
536 1589 758 1661 Athenienses
779 1588 986 1679 acciperent,

173 1696 237 1764 bus
268 1693 452 1775 dederuut3
488 1700 523 1762 et
548 1701 640 1761 tauta
669 1690 865 1786 desperatio
891 1688 1030 1781 apud4

172 1808 222 1888 ut,
260 1805 301 1868 ut
328 1818 372 1866 eu
400 1796 584 1868 continenti
613 1795 833 1868 Alcibiadem
862 1792 985 1863 ducem
1069 1872 1072 1877 ⁴

171 1910 217 1987 ut,
241 1892 449 1987 arbitruutes,
474 1898 582 1972 victos
597 1920 635 1970 se
648 1922 717 1969 uou
735 1900 872 1970 fortuna
889 1896 986 1986 belli,
1006 1903 1031 1972 c

171 2002 349 2095 perstetis,
382 2000 477 2093 apud
503 2023 607 2092 quem
632 2002 828 2096 plusprior
855 2000 986 2070 offensa

171 2105 369 2176 ureceutia
400 2105 583 2175 beneficia:
616 2104 734 2176 vicisse
760 2113 875 2174 sutem
905 2124 984 2172 eum
1007 2112 1030 2176 6
1059 2096 1063 2106 ’

170 2209 388 2294 botuntum,
412 2215 452 2277 ut
473 2206 667 2277 ostenderet
686 2206 858 2293 hostibus,
882 2228 987 2297 quem

170 2320 242 2396 eut,
269 2319 304 2380 et
328 2319 366 2380 ut
387 2309 496 2381 carius
509 2311 557 2379 eis
578 2311 688 2402 ipsam
708 2311 884 2382 victoriam
902 2332 987 2377 veu-

190 2415 280 2484 enim
303 2413 480 2484 credibilis
503 2414 539 2483 in
559 2413 746 2485 'Alcibiade
769 2414 872 2506 vigor
889 2412 989 2505 iuge·
1009 2424 1039 2489 7·

169 2518 309 2588 luxurie
335 2518 495 2589 faciebat.
560 2517 696 2588 Veritus
727 2519 844 2606 itaque
871 2514 1036 2597 multi-8

169 2645 221 2707 m,
255 2621 370 2694 denuo
392 2622 428 2694 ia
452 2621 678 2693 uoluntarium
705 2621 857 2693 exsilium
876 2619 1010 2717 proti»
1125 2702 1129 2715 Ι

168 2828 278 2918 ltaque
301 2826 424 2898 Couou
443 2826 618 2899 Alcibiadi
646 2824 825 2912 suffectus,
855 2807 1029 2896 habeus'l

168 2934 214 3004 tui
235 2930 319 3002 duci
338 2931 566 3016 successisset,
604 2930 746 3005 classem
769 2930 916 2999 maxima
934 2928 989 2996 iu-

174 3059 185 3118 3
209 3035 271 3104 sed
293 3035 434 3104 navibus
453 3036 626 3105 exereitus
642 3035 779 3120 deerat,
802 3031 989 3102 fortissimis
1009 3043 1032 3103 2
1118 3046 1122 3059 '

168 3140 237 3209 siue
251 3139 476 3230 populatione
491 3139 626 3207 amissis.
676 3138 861 3206 Armantur
873 3145 987 3204 tumen
1008 3152 1030 3217 3
1093 3216 1096 3225 Ι

167 3244 313 3337 puberes
341 3242 458 3334 pueri,
490 3252 525 3311 et
553 3263 710 3309 uumerus
738 3240 883 3309 militum
917 3236 989 3306 siue

166 3371 184 3419 s
199 3346 362 3439 expletur.
403 3343 477 3414 Sed
491 3366 561 3414 uou
572 3366 734 3437 maguam
743 3343 841 3412 bello
854 3362 988 3412 moram
1008 3347 1032 3417 4

166 3450 264 3521 tellis:
290 3449 479 3522 caeduntur
497 3446 642 3542 passim,
669 3457 728 3518 aut
745 3446 914 3542 fugientes
927 3466 990 3515 ea-
1080 3514 1082 3519 .

187 3655 323 3714 aguntur.
373 3639 441 3695 sart
461 3639 492 3694 in
512 3637 588 3694 allen
608 3635 757 3709 Ausgabsn
778 3637 816 3691 ist
837 3635 887 3692 das
907 3637 1033 3689 Komme
1111 3686 1114 3693 ,

167 3738 224 3793 tur,
239 3726 361 3781 eoadem
374 3725 469 3778 hintes·
475 3726 705 3779 Lacedaemoniis
719 3724 836 3796 gesem
858 3737 915 3775 was
930 3719 1032 3773 dmcb·

164 3810 268 3867 ballea
286 3811 533 3882 Zusammsnbaag
545 3805 673 3864 dufluebt.

164 3897 321 3972 desperatio
336 3922 381 3938 -·
394 3910 466 3950 erut.
500 3899 534 3952 Iu
549 3887 847 3950 uweiiisudselrriiteu
859 3885 936 3942 stelit
950 3888 1033 3958 sarit,
1073 3946 1076 3955 Ι

163 3998 185 4036 rs
201 3981 247 4035 di'e
262 3981 418 4052 ricbtigsre
443 3983 542 4036 Lesart
558 3980 703 4044 ecbeiaeu,
724 3974 761 4029 da
776 3976 842 4050 fuit
864 3973 1034 4047 verbergsbt

163 4066 250 4141 rbitrig
265 4068 431 4136 eatspricbt.
472 4065 554 4125 Doclr
565 4065 661 4120 finden
672 4061 733 4118 sich
747 4059 927 4133 dergleichsu
937 4058 1033 4115 Nacb‘·

162 4150 226 4212 lien.
273 4156 355 4208 Corn.
370 4153 445 4226 Nep.
458 4154 507 4220 11,
524 4152 557 4208 t:
580 4152 654 4226 quod
668 4160 765 4203 aetate
779 4149 925 4224 proximus
936 4154 1032 4212 erat,

162 4256 215 4291 *um
229 4237 378 4292 historiam
393 4239 574 4311 reliquerunt,
597 4249 626 4293 et
645 4234 768 4306 eiusdem
788 4233 917 4290 counio
939 4231 1033 4300 iuis,

161 4320 254 4401 rkuug
269 4324 464 4382 nschrusebou
481 4325 526 4381 ist.
750 4324 753 4329 ’
