2692 4718
1228 88 1249 129 N

238 318 243 325 .
348 265 537 373 morou
561 260 650 331 mu
669 263 752 331 xm.
773 263 878 345 'CAR
898 270 930 337 8.
1145 271 1210 339 229

179 446 257 492 uem
275 425 397 493 veteris
426 422 567 493 fabulae
593 422 780 514 accipiunt,
811 421 989 515 Cyrenen,
1019 424 1160 495 umiae

178 527 320 595 titudinis
348 528 532 619 virginem,
565 551 587 595 a
615 526 824 619 Thessalico
840 538 957 598 moute
987 528 1082 599 Pelio
1112 529 1159 599 ab

177 634 226 699 lue
249 638 404 721 raptam,
433 631 669 722 perlatumque
689 631 724 699 iu
747 630 896 700 eiusdem
923 630 1045 701 montis
1065 632 1159 724 iuga,

176 733 296 825 collem
310 744 569 826 occupaverunt,
590 733 701 803 alleo
716 734 893 825 repletam,
912 744 1056 826 quatuor
1070 758 1160 827 pue-

175 839 315 931 perisse,
340 837 512 923 Nomium,
537 837 737 922 Aristaeum,
758 838 965 923 Autochum,
986 840 1158 930 Agreum:

174 964 219 1009 ra
244 955 342 1033 patre
363 941 525 1032 Hypseo,
551 964 636 1033 rege
656 939 873 1024 Thessaliae,
901 942 960 1031 qui
980 943 1158 1032 perquire·
1185 953 1208 1015 8

173 1044 330 1136 irgiuem,
355 1045 424 1113 loci
438 1044 640 1113 amoenitate
653 1052 773 1135 captos
785 1044 820 1111 iu
831 1044 950 1114 iisdem
963 1046 1059 1113 terris
1080 1068 1158 1115 cum

172 1170 191 1217 e
209 1147 389 1216 resedisse:
417 1171 458 1215 ex
470 1147 523 1216 his
537 1147 650 1238 pueris
663 1156 730 1216 tres
746 1146 880 1215 adultos
893 1149 929 1216 iu
943 1147 1157 1231 Thessaliam
1183 1161 1206 1221 9

171 1272 210 1321 os
230 1248 327 1319 avita
337 1272 444 1342 regna
456 1251 639 1343 recepisse:
664 1251 1061 1327 AristaeuminArcadia
1088 1252 1206 1323 late10

169 1376 240 1435 ne,
254 1376 400 1442 eumque
411 1356 560 1445 primum
574 1363 609 1423 et
622 1354 738 1443 apium
751 1361 786 1422 et
797 1353 906 1421 mellis
921 1376 1036 1438 usum,
1055 1363 1089 1423 et
1103 1355 1158 1423 la-

168 1456 356 1548 lcoagula,
378 1457 571 1526 hominibus
583 1457 774 1540 tradidisse,
797 1456 1052 1545 solstitialesque
1066 1467 1158 1525 ortus

167 1560 336 1651 rprimum
352 1561 522 1628 invenisse.
573 1559 706 1644 Quibus
719 1558 839 1627 auditis
861 1559 995 1643 Butos,
1020 1558 1203 1651 virginistt

166 1682 249 1761 seer
261 1662 426 1754 responsis
440 1664 575 1755 agnito,
601 1663 722 1730 urbem
737 1661 891 1751 Cyrenen
910 1660 1072 1734 condidit.

165 1768 197 1839 i’.
218 1764 312 1836 Vnt.
363 1766 470 1856 Igitur
483 1765 697 1833 Ptolemaeus
711 1763 811 1833 huius
832 1764 922 1832 urbis
941 1774 1057 1834 auctus
1077 1762 1157 1832 viri·
1186 1776 1203 1837 1

164 1868 292 1939 hellum
311 1870 346 1938 in
360 1868 548 1941 ,adventum
569 1867 755 1938 Perdiccae
775 1867 929 1958 perabat.
978 1866 1049 1933 Sed
1071 1864 1157 1931 Per·
1182 1874 1206 1936 2

163 1968 270 2058 eplue
289 1969 652 2061 odiumarrogautiae,
677 1989 781 2057 quam
792 1968 878 2035 vires
888 1966 1038 2035 hostium
1050 1987 1156 2036 uoce-

189 2092 291 2159 quam
313 2074 404 2141 exosi
431 2072 531 2140 etiam
551 2071 651 2154 socii,
678 2069 723 2138 ad
744 2070 957 2160 Antipatrum
984 2070 1155 2161 gregatim

160 2172 309 2275 ‘iebant
354 2175 599 2264 Neoptolemus
613 2194 768 2262 quoque,
793 2172 828 2239 in
841 2172 997 2240 auxilium
1011 2172 1155 2240 Eumeni
1182 2180 1203 2242 3
1326 2204 1328 2209 ¹

159 2264 228 2361 hs,
247 2299 315 2344 nou
336 2278 446 2345 solum
476 2278 705 2367 transfugere,
737 2276 977 2343 verum-etiam
1006 2256 1155 2364 prodere

158 2381 401 2459 mexercitum
418 2380 536 2449 voluit.
588 2379 701 2463 Quam
714 2401 787 2445 rem
802 2399 907 2466 quum
924 2376 1155 2468 praesensisset
1180 2387 1203 2453 4

157 2500 247 2570 ures,
274 2504 352 2552 cum
374 2483 549 2575 proditore
574 2481 757 2550 decernere
777 2480 911 2571 proelio
933 2500 1068 2548 necesse
1088 2478 1155 2547 ho-

156 2652 159 2657 .
190 2586 307 2655 Victus
335 2587 581 2677 Neoptolemus
608 2583 653 2651 ad
684 2583 897 2673 Antipatrum
927 2591 961 2650 et
984 2582 1202 2672 Polyper-6
1278 2646 1281 2653 .

154 2694 186 2759 le
201 2690 373 2783 profugit3
397 2688 517 2778 hisque
528 2686 725 2783 persuadet,
743 2695 781 2753 ut
795 2683 991 2754 continuatis
1005 2685 1152 2753 mansio-

153 2776 177 2889 ᾗ,
198 2793 289 2861 laeto
312 2816 354 2862 ex
371 2792 509 2869 victoria
530 2801 563 2859 et
588 2813 705 2863 securo
721 2791 827 2881 fugae
840 2812 920 2857 suae
935 2788 1081 2857 Eumeni
1094 2810 1152 2861 su·
1246 2826 1253 2843 ·

152 2894 260 2985 piant
306 2894 379 2971 Sed
400 2918 454 2969 res
473 2895 618 2967 Eumeni
630 2915 699 2963 nou
719 2892 825 2964 latuit.
873 2892 993 2982 ltaque
1013 2889 1152 2961 iusidiee
1177 2901 1200 2965 6

149 3100 194 3205 b·
209 3132 281 3184 vul.
304 3130 328 3200 §-
344 3132 371 3187 3.
390 3132 512 3203 portium
525 3134 681 3185 exercitum.
715 3127 769 3181 Mir
784 3127 820 3180 iet
833 3129 956 3200 partium
972 3124 1123 3197 mathesim
1145 3141 1201 3178 rre-

148 3232 179 3285 υ,
193 3216 270 3287 finde
286 3217 334 3270 ioh
349 3216 433 3270 ke'iue
449 3215 613 3289 geniigende
629 3215 794 3284 Erkliirung.
829 3215 863 3265 Ee
878 3212 953 3264 steht
969 3229 1004 3264 au
1020 3211 1202 3267 unbesumme

147 3296 193 3379 hd
216 3320 284 3359 rnen
304 3303 432 3373 verlengt
459 3301 599 3355 durehene
620 3300 696 3354 noch
721 3298 766 3352 ein
790 3298 917 3365 Adiectio
939 3301 1010 3355 oder
1030 3303 1200 3355 Pronomeu.
1316 3338 1320 3345 .

145 3384 228 3457 pau,
249 3388 345 3442 voute
358 3404 465 3462 parum
482 3387 596 3468 sneegn.
636 3385 720 3463 neca
741 3372 1091 3461 neocaesariensem
1105 3384 1201 3439 rene

144 3474 178 3533 ih
193 3492 228 3531 ru
243 3476 333 3530 leuen
350 3473 440 3528 durch
453 3476 533 3541 Xlll,
551 3476 584 3538 6,
603 3474 656 3553 il:
677 3471 728 3525 uhi
746 3475 888 3552 Olympios
906 3488 991 3544 eeeet,
1013 3488 1101 3529 muter
1114 3471 1201 3532 Alex}

143 3582 226 3633 ,non
241 3564 376 3617 predicere
385 3575 546 3616 momentum
562 3558 719 3631 partium
732 3568 761 3614 'et
771 3556 871 3615 etiiiom
879 3561 977 3632 sanor.
1180 3591 1183 3595 ·

143 3650 192 3705 .6.
217 3652 333 3703 Eumeni
351 3669 405 3702 non
426 3650 518 3703 latuit.
559 3646 605 3700 leh
627 3646 701 3700 hehe
725 3645 932 3700 uuhedenlrlich
958 3645 1003 3701 die
1024 3647 1122 3699 Leeurt
1142 3657 1199 3695 von

143 3734 347 3813 budsehrifteu
363 3718 597 3806 autgenomniem
620 3734 660 3787 eie
682 3733 765 3788 :uhts
787 3732 885 3804 gemite
900 3722 980 3787 nieht
995 3748 1050 3785 rou
1070 3727 1125 3782 deu
1141 3726 1200 3782 Ah·

143 3812 215 3881 bru
231 3821 297 3889 her,
323 3821 430 3873 welche
447 3822 515 3875 eher
535 3820 656 3897 dieeelbe
671 3820 747 3877 nach
763 3819 814 3873 der
827 3820 988 3874 bekanuten
1002 3811 1199 3889 Construction

143 3906 246 3973 narem
261 3910 409 3963 nonletuit
425 3907 617 3961 umiinderten.
651 3907 736 3961 Doch
751 3908 844 3977 huben
858 3907 911 3967 wir
922 3905 1033 3969 XXXI,
1049 3905 1076 3963 2,
1091 3901 1199 3965 23&st
1270 3972 1275 3983 ἡ

143 3994 337 4051 unitatem
354 4015 410 4049 nen
428 3997 477 4049 diu
496 3996 597 4063 htuit,
624 3993 732 4048 welche
756 3993 842 4047 stelle
863 3994 912 4047 liir
934 3991 981 4046 die
1003 3986 1197 4061 gewiihuliohe

143 4060 299 4137 t‘etimmen
313 4081 429 4137 kiinnte.
467 4082 536 4134 Deae
551 4083 623 4136 later
640 4080 708 4136 mihi
727 4080 802 4133 nach
827 4078 879 4132 der
895 4075 1029 4148 Analogie
1046 4091 1102 4128 ron
1114 4088 1195 4149 putee
1254 4077 1255 4081 ’

143 4164 208 4243 dem
226 4167 328 4222 Genius
350 4166 400 4221 der
421 4166 604 4221 lateinischeu
627 4166 750 4247 spraeho
772 4169 900 4245 genedea,
919 4164 1046 4237 deguger'r
1067 4165 1136 4219 latet
1153 4183 1196 4217 me

143 4255 296 4324 mmmm,
312 4248 448 4313 λανθάνει
460 4270 512 4324 μ,
535 4252 591 4321 rei,
614 4251 665 4307 der
680 4253 823 4324 epiterhiu
839 4251 990 4324 ullerdiuge
1007 4247 1064 4337 den
1076 4246 1194 4305 trithem
