2692 4718
178 246 367 329 maroa
395 258 481 325 aru
507 256 560 363 m
589 259 688 326 cnr.
707 263 741 330 a
987 265 1039 355 2⁹

161 440 294 506 acervo,
316 440 422 510 quarn
441 416 711 512 deserereregia
725 418 818 490 iiiior
834 418 995 502 maliem
1036 474 1041 489 ,

162 522 292 609 ivitatis,
316 522 414 592 obliti
435 521 607 615 dignitatis
627 545 719 607 auae,
743 525 844 616 regui
867 525 995 595 maies-

162 626 226 695 rari
243 647 309 717 per
320 647 455 697 servum
467 634 671 717 paterentur.
695 625 886 719 Imperium
900 626 994 697 Sici·
1013 632 1038 699 6

163 728 567 821 uaginienseateutarem
597 728 725 819 diuque
743 730 838 799 rana
851 730 994 802 victoria

163 833 339 903 'tunicatum
364 831 427 917 Ad,
435 841 643 923 postremum
657 833 780 902 arnirro
792 834 994 905 Hamilcare
1013 849 1037 913 7

164 959 181 1005 u
202 935 362 1019 exercitu,
386 935 626 1028 aliquantisper
642 937 802 1026 quievere
821 936 915 1008 victi.

165 1038 288 1109 Medio
316 1048 473 1130 tempore
501 1060 607 1128 quum
634 1038 791 1132 Rhegini
817 1038 1033 1113 discordiri

165 1143 292 1232 itasque
304 1164 369 1234 per
383 1142 620 1211 dissensionem
636 1142 742 1211 divisa
755 1145 791 1212 in
806 1144 892 1213 duaa
906 1165 992 1236 par-

166 1247 230 1317 rani
243 1248 288 1315 ab
304 1245 412 1315 altera
426 1255 526 1337 parta
547 1226 593 1315 air
611 1244 755 1315 Himera
768 1246 805 1315 in
825 1246 991 1317 auxilium

166 1350 311 1435 civitate,
337 1357 455 1419 contra
476 1370 564 1439 quor
578 1349 754 1441 implorati
773 1350 928 1437 fuerant,
955 1358 991 1425 et

167 1453 255 1522 uibus
277 1452 423 1522 tulerant
442 1453 622 1538 auxilium,
648 1454 769 1522 urbem
794 1475 875 1523 cum
902 1475 990 1525 con-
1076 1539 1082 1553 ἱ

168 1557 200 1625 ia
222 1556 392 1627 sociorum
405 1577 637 1648 occupavere3
661 1555 881 1629 aurifaciuua
903 1557 1031 1625 nuili2
1081 1556 1084 1561 ’

168 1659 327 1728 randumz
351 1659 483 1750 quippe
502 1657 720 1750 utRheginis
737 1659 860 1729 melius
883 1659 988 1755 fuerit

169 1764 251 1837 >isse
300 1762 392 1858 Nam
408 1763 479 1830 sive
493 1761 676 1833 victoribus
692 1761 896 1854 captivitatis
911 1761 986 1831 iure
1005 1770 1029 1836 3

179 1865 298 1935 amissa
318 1864 429 1957 patria
453 1865 604 1935 exsulare
616 1887 752 1936 necesse
768 1864 987 1947 habuisseut3

170 1993 266 2038 raras
282 1978 316 2038 et
336 1970 466 2060 patrios
476 1968 566 2037 iares
586 1969 763 2055 trucidati,
790 1968 987 2049 crudelissi-

170 2074 269 2142 triam
293 2093 371 2143 cum
391 2070 593 2164 conugibus
617 2093 659 2141 ac
678 2071 795 2141 liberis
816 2071 987 2165 praedam
1109 2080 1113 2087 “

170 2177 351 2245 iatiniensea
363 2197 512 2265 quoque,
535 2197 642 2266 quum
654 2174 886 2266 Syracusanos
902 2179 1031 2268 gra-,4

184 2279 287 2348 diffisi
309 2279 434 2348 viribus
448 2278 532 2364 suis,
557 2277 720 2347 auxilium
735 2278 780 2349 ab
792 2278 986 2349 Athenien-

207 2383 284 2471 qui,
326 2404 386 2450 seu
416 2380 528 2451 studio
555 2381 691 2451 maioris
717 2382 873 2473 imperii,
914 2387 1030 2472 quod

172 2509 262 2576 nque
281 2487 415 2577 penitus
435 2492 702 2578 occupaverant,
734 2507 794 2553 acu
812 2494 910 2555 metu
929 2487 987 2555 fa-

172 2590 373 2680 syracusanis
393 2588 519 2673 classis,
547 2611 591 2657 ue
603 2587 887 2658 Lacedaemoniis
903 2588 986 2659 illae

173 2702 202 2780 t,
227 2691 456 2785 Lamponium
480 2691 604 2760 ducem
620 2712 698 2762 cum
717 2692 824 2762 classe
842 2692 878 2760 in
891 2691 985 2763 Sici-

173 2805 185 2864 t
205 2797 268 2865 sub
290 2797 407 2888 specie
432 2794 566 2865 ferendi
587 2793 833 2867 Catiniensibus
862 2796 979 2865 auxilii

174 2923 200 2969 re
226 2899 417 2990 imperium.
472 2897 522 2969 Et
551 2900 714 2988 quoniam
738 2899 852 2991 prima
870 2899 977 2986 initia,
1001 2892 1026 2958 6

174 3027 184 3073 r
198 3001 361 3090 hostibus,
376 3023 543 3094 prospera
551 3002 698 3088 fuerant,
716 3004 848 3071 maiore
863 3002 981 3073 denuo

175 3106 261 3174 tiore
278 3107 437 3190 exercitu,
462 3102 618 3175 Lachete
633 3114 667 3174 et
688 3104 862 3175 Chariade
880 3105 980 3175 duci·

175 3212 312 3279 ativere:
337 3209 399 3277 sed
419 3207 635 3293 Catinienses,
661 3207 731 3278 sive
753 3217 846 3277 metu
864 3208 1022 3279 Atho-7

175 3313 285 3382 taedio
302 3312 406 3401 belli,
430 3332 555 3403 pacem
570 3328 650 3381 cum
666 3312 898 3405 Syracusanis,
920 3330 980 3384 re-

176 3420 254 3490 rium
275 3414 419 3506 auxiliis,
443 3414 608 3488 feceruut.

198 3694 272 3748 nulli
289 3706 410 3761 mam
430 3692 655 3764 comparandum.
680 3691 737 3747 Dia
755 3689 845 3746 Seciae
857 3688 1023 3762 aergliciaau

177 3779 249 3834 chen
259 3776 509 3849 Sprachgebrauch
522 3775 570 3831 ich
582 3778 670 3832 achera
681 3794 717 3832 ru
727 3778 766 3843 11,
782 3771 826 3845 14,
840 3779 876 3831 10
892 3775 1024 3830 bemerkt

178 3852 217 3919 ud
236 3866 264 3918 V
261 3866 350 3916 oraine
361 3862 518 3917 iiberaaheu
531 3879 568 3916 an
580 3879 698 3918 uererer
712 3862 800 3919 stelle
819 3861 898 3915 diere
916 3860 1023 3935 Bigerr-

177 3950 220 4006 alb
234 3950 410 4004 darErrtere
425 3948 498 4001 nulli
515 3956 760 4018 tyrannorum
781 3944 1022 4017 patrandum

177 4034 346 4107 ¹tyranni
367 4034 583 4106 comparandum
607 4034 716 4089 tndem
733 4032 840 4097 wullte.
882 4030 968 4087 Aueh
988 4031 1023 4087 iu

177 4130 200 4179 st
219 4121 299 4188 rich,
326 4117 382 4175 wie
412 4120 497 4188 δῆθε,
522 4119 568 4173 die
598 4118 797 4176 verheareruda
814 4115 921 4176 Hasta
947 4117 1023 4174 nulli

178 4211 330 4265 vandum..
419 4258 422 4265 .
484 4260 498 4269 ,,
519 4262 525 4271 ,

178 4295 244 4351 a'ar'a.
286 4293 315 4351 S.
325 4288 372 4362 die
382 4289 511 4349 Annei.
523 4306 559 4346 aa
572 4290 636 4363 vn,
648 4289 677 4364 5,
690 4291 718 4358 1,
