2692 4718
386 264 577 331 assoon.
604 262 955 364 statuerat.
1185 270 1244 335 tu

183 423 620 521 treglrmrnagnilicentiam
634 420 724 493 ludis
736 430 887 503 exornem
903 423 1082 492 immemor
1092 434 1245 515 pror-212

195 539 304 601 tantas
318 550 402 621 opes
417 528 522 596 amitti
538 526 590 595 llis
604 528 771 609 moribus,
795 548 864 595 non
876 528 995 615 quaeri
1007 528 1127 599 solere.

183 654 239 702 ar.
264 631 325 703 IV.
375 631 467 701 Inter
486 631 574 700 haec
592 632 779 723 indignatio
807 632 956 699 omnium
978 632 1056 697 totis
1081 631 1196 699 castris
1223 638 1241 702 t

205 761 227 805 a
239 734 406 827 Philippo
421 736 518 803 illum
533 745 631 826 patre
646 744 774 803 tantum
788 734 1023 826 degenerasse,
1045 742 1082 801 ut
1093 733 1196 801 etiam

182 864 228 909 ae
252 862 377 907 nomen
404 840 566 923 eiuraret,
599 860 776 927 moresque
802 838 980 906 Persarum
1003 845 1195 920 assumeret,

202 952 346 1035 propter
362 943 447 1011 tales
461 964 573 1011 mores
587 944 724 1011 vicerat
773 940 845 1009 Sed
862 964 906 1009 ne
926 940 1017 1010 solus
1030 940 1115 1009 vitiis
1132 960 1196 1007 eo·
1220 950 1243 1013 2

181 1094 193 1133 ,
217 1068 304 1137 quos
326 1046 426 1115 armis
442 1044 622 1139 subegerat
629 1044 643 1133 ,’
664 1044 874 1119 succubuisse
895 1043 1081 1123 sideralem
1106 1042 1197 1111 mili·

181 1174 187 1219 t
203 1172 341 1242 quoque
355 1148 419 1216 suis
435 1148 601 1242 permisit,
628 1149 654 1216 si
667 1170 809 1237 quarum
826 1148 1037 1237 captivarum
1052 1168 1195 1215 consue·

180 1278 213 1323 re
229 1262 438 1340 tenerentur,
464 1251 588 1322 ducere
610 1250 747 1333 uxores3
772 1253 962 1319 existimaus
981 1250 1145 1319 minorem
1158 1250 1193 1318 in
1219 1258 1241 1321 8

180 1348 241 1427 nm
258 1356 385 1426 reditus
408 1356 627 1448 cupiditatem
645 1356 795 1425 futuram
813 1353 1013 1422 habentibus
1026 1354 1061 1421 in
1079 1354 1194 1423 castris

179 1463 278 1551 finem
291 1459 459 1549 quandam
476 1462 615 1544 larium,
641 1483 683 1530 ae
697 1459 903 1527 domesticae
916 1455 1021 1536 sedis;
1044 1458 1143 1525 simul
1160 1465 1195 1523 et
1220 1464 1244 1529 t

179 1586 249 1633 rem
270 1564 408 1632 militiae
431 1564 621 1633 molliorem
646 1564 721 1630 lore
742 1559 923 1630 dulcedine
945 1581 1097 1630 uxorum.
1136 1559 1194 1627 'lu
1221 1566 1250 1635 6·

177 1668 328 1735 elementa
344 1686 481 1756 quoque
494 1665 636 1734 militum
653 1665 761 1733 minus
776 1662 942 1733 exhauriri
957 1684 1057 1753 posse
1071 1662 1196 1734 Mace-

177 1794 255 1855 am,
277 1768 481 1837 siveterauis
495 1770 645 1861 patribus
658 1769 781 1838 tirones
796 1767 855 1835 lilii
869 1762 1106 1852 succederent,
1126 1766 1194 1837 mi·

176 1875 220 1942 uri
237 1873 272 1941 iu
287 1872 398 1955 vallo,
424 1872 458 1941 iu
479 1894 548 1961 quo
567 1882 677 1941 essem
697 1872 786 1952 nati3
811 1870 1117 1958 constantioresque
1136 1870 1193 1939 fu·
1221 1878 1244 1943 6

175 2032 178 2045 .
203 1976 230 2044 si
250 1998 320 2044 non
339 1976 449 2045 solum
469 1976 639 2060 tirocinia,
664 1998 782 2044 verum
800 1983 835 2042 et
849 1974 1051 2042 incunabula
1066 1975 1101 2041 in
1113 1973 1194 2064 ipsis

175 2080 212 2149 ris
225 2082 422 2171 posuissent.
457 2079 556 2164 Quae
573 2078 783 2171 consuetudo
799 2078 834 2145 in
847 2078 1089 2147 successoribus
1104 2099 1193 2167 quo-
1220 2087 1242 2151 7

173 2296 195 2335 a
216 2295 283 2332 man
305 2281 443 2335 destruere
459 2279 571 2333 mindae
596 2276 749 2331 auffellend
765 2277 868 2333 finden.
910 2278 1002 2333 Uebar
1019 2276 1107 2332 dieses
1121 2276 1244 2331 Varium

174 2404 183 2419 .
200 2368 334 2419 Ruhnken
351 2382 385 2418 zu
405 2368 501 2423 Vellei.
519 2372 584 2420 Pat.
602 2368 642 2433 ll,
661 2364 712 2431 48,
728 2368 755 2421 2.

172 2446 244 2507 usia
260 2450 364 2523 regiam
380 2455 621 2525 rnngnifiaentinm.
655 2454 683 2504 S.
700 2450 745 2504 dia
761 2452 892 2506 Amnerlt.
908 2468 943 2504 zu
959 2456 999 2522 ll,
1018 2450 1060 2519 12,
1076 2450 1127 2505 25:
1145 2444 1243 2502 luxta

171 2552 265 2610 septum
284 2540 478 2593 Themistoclis.

171 2642 377 2711 cm.1v.§.1.
399 2644 515 2714 patriae
532 2660 627 2696 nornen
647 2646 774 2697 eiuraret.
815 2637 867 2693 Mit
888 2638 977 2693 secut
1002 2641 1092 2695 haben
1112 2646 1245 2699 Graevius

170 2727 272 2780 andere
289 2728 484 2799 Herausgeber
501 2728 576 2781 diere
593 2728 679 2782 Stella
696 2745 787 2800 gagen
804 2726 850 2779 die
874 2727 1191 2799 Aenderungruersuclra
1205 2729 1244 2783 ei·

169 2812 350 2865 :Gelehrten
377 2811 405 2864 iu
431 2812 534 2867 Sehuta
558 2832 738 2886 genommeu.
782 2820 900 2870 Eiurare
923 2836 1019 2871 nomen
1032 2820 1142 2887 patriae
1157 2816 1245 2873 heiset

169 2898 325 2952 milirlrlen
343 2900 506 2970 ausdruck,
524 2900 574 2955 (las
594 2904 746 2959 Vaterland
760 2905 941 2975 uerliiugnen,
958 2892 1050 2954 woliir
1071 2906 1157 2959 Tacit.
1171 2908 1245 2959 Hirt.

167 2986 200 3040 29
217 2985 265 3038 dar
283 2987 412 3040 einfaclre
427 2995 549 3060 patriam
563 2997 671 3045 eiurare
687 2988 852 3061 gebraucht.
888 2988 981 3060 Vergl.
999 2994 1093 3045 Senea.
1108 2994 1145 3045 ad
1154 2995 1243 3045 Mare.

167 3074 256 3144 Renes.
275 3074 328 3140 Vl,
345 3070 371 3127 4.
411 3078 516 3130 Nomen
540 3077 608 3130 wird
634 3076 757 3129 niimlich
780 3074 860 3128 nieht
876 3072 964 3126 relten
982 3075 1034 3127 ruit
1051 3075 1246 3131 substantivam

186 3158 347 3227 adjectivae
366 3160 544 3230 verbunden,
569 3179 618 3214 um
637 3162 681 3213 die
698 3162 817 3225 Person,
842 3159 948 3211 welche
965 3159 994 3211 in
1012 3159 1077 3212 dem
1093 3161 1245 3237 heigeiilg-

166 3242 326 3299 Substanlir
352 3246 422 3299 oder
444 3245 571 3313 Adiectir
595 3245 737 3298 enthalten
763 3247 813 3311 ist,
837 3244 1079 3311 herronuhehen,
1103 3246 1172 3301 oder
1194 3252 1246 3305 aui

165 3346 191 3381 ru
209 3330 400 3393 Benilrmtheit
417 3330 616 3385 hiuaudeuten.
651 3333 687 3384 So
704 3332 778 3383 steht
795 3330 879 3396 xm,
895 3334 921 3395 6,
940 3332 987 3385 12:
1002 3308 1244 3405 propterAleaui·

164 3417 334 3489 Philippique
354 3421 465 3471 nomina
490 3414 709 3470 neandrueklich
736 3418 784 3469 liir
807 3416 856 3469 dra
879 3416 971 3470 bloesc
993 3435 1105 3492 propter
1122 3416 1267 3478 Alexan·¹

163 3517 217 3557 tet
239 3502 404 3576 Philippum.
445 3503 712 3570 ml'111‚4‚9=
733 3506 874 3557 Gallorum
894 3519 983 3557 autern
1004 3522 1153 3575 numen,
1171 3514 1245 3582 pund

165 3608 196 3643 er
212 3594 351 3643 Romanoa
365 3594 471 3655 terruit,
491 3594 519 3645 in
530 3606 637 3663 partem
649 3595 748 3645 virium
766 3584 874 3644 suarum
888 3608 1025 3657 nutriente
1042 3592 1101 3644 und
1118 3594 1151 3660 V,
1168 3595 1195 3663 8,
1210 3599 1241 3652 6:

162 3668 237 3728 dum
250 3676 457 3731 Atheniensium
470 3698 563 3731 nomen
584 3676 632 3727 fiir
646 3680 835 3730 Athenienses.
869 3674 962 3747 Vergl.
982 3676 1103 3729 daselbrt
1119 3701 1142 3734 c.
1160 3683 1187 3747 6,
1206 3678 1242 3747 43

162 3758 188 3827 l,
212 3762 313 3826 2,1o;
339 3762 440 3826 XLlll,
456 3763 490 3829 5,
517 3764 542 3817 l.
590 3762 648 3815 Aul
669 3762 778 3831 gleiche
800 3762 893 3815 Weiss
915 3761 1000 3815 heim
1025 3780 1052 3814 ee
1075 3780 1139 3816 vom
1165 3767 1242 3819 flen-

161 3846 170 3899 l
192 3846 354 3912 XXXl,2‚
373 3852 405 3903 1:
429 3866 503 3905 metu
525 3848 642 3902 invisi
665 3847 822 3902 nominis
848 3851 957 3903 tandem
981 3852 1113 3925 populum
1136 3858 1242 3909 noma-

169 3932 307 4011 lr'beratet.

160 4014 185 4087 5.
201 4020 228 4074 7.
254 4019 502 4073 insuceeseoribus.
535 4026 729 4077 Burmannus
751 4022 849 4077 Vellei.
868 4026 932 4077 Put.
946 4023 974 4085 l',
992 4021 1018 4084 8,
1035 4020 1067 4075 8:
1085 4042 1156 4095 quae
1173 4044 1242 4079 con-

158 4104 205 4157 eda
222 4103 259 4156 iu
281 4122 367 4157 annae
390 4108 567 4176 septuaginta
587 4107 740 4176 mansit,
765 4107 854 4161 tedelt
876 4107 923 4160 die
946 4109 1153 4181 llerauegeber‚
1178 4110 1241 4165 dese

158 4202 191 4241 err
213 4204 329 4242 urerer
353 4187 437 4241 stelle
462 4188 508 4242 die
534 4192 630 4247 Leuant
653 4199 683 4249 in
701 4209 880 4267 successores
902 4193 1060 4249 vernorfeu
1074 4196 1181 4265 hehe,
1203 4197 1241 4251 da

157 4294 282 4333 ¹enarrem
298 4279 329 4330 in
352 4273 410 4328 und
422 4294 475 4347 per
490 4281 584 4333 maula
605 4278 768 4349 promiscue
787 4279 941 4351 gehrauoht
956 4278 1039 4339 hehe.
1082 4270 1174 4339 luein
1190 4283 1242 4343 det
