2692 4718
114 292 178 359 eoo
342 366 348 383 Ι
378 216 387 241 ¹
472 282 517 345 m
545 281 702 344 ‘raocr
723 280 913 383 nrsgon

34 415 39 429 ’
117 415 282 521 Graeciae
307 441 435 511 intulit:
467 440 508 511 ¹ac
532 439 698 532 repetitae
723 439 872 538 origines
895 437 1115 531 Thessaliae:
1152 407 1278 532 erpul-

42 550 45 556 ’
117 573 222 640 soque
249 546 395 616 Graecia
419 544 553 626 Xerxe,
579 544 707 612 bellum
734 545 778 612 ab
800 534 1060 623 Atheniensibus
1078 542 1278 613 translatum
1299 634 1317 641 ..

30 646 34 653 ’
119 656 155 724 in
178 653 295 729 Asiam
319 646 426 740 usque
453 648 498 718 ad
521 647 641 769 Xerxis
666 648 847 757 interitum.

444 837 683 906 Pronoeus
712 811 950 905 L1nn1‘111.

170 1006 171 1011 1
201 957 321 1029 Tertio
346 955 519 1026 volumine
545 956 754 1026 continentur
779 955 879 1026 haec.
930 955 981 1026 Ut
1004 963 1141 1025 mortuo
1163 952 1280 1024 Xerxe

125 1063 212 1131 lilius
225 1053 551 1144 Artaxerxes'‚'ultus
571 1059 822 1130 interfectorem
837 1060 942 1153 patris
956 1062 1176 1149 Artabanum,
1199 1048 1279 1127 bel-

32 1161 33 1164 '
97 1167 198 1241 ¹lom
224 1189 303 1235 cum
333 1164 506 1239 delectere
539 1162 690 1255 Aegypti
722 1162 860 1232 habuit:
893 1165 1076 1256 primoque
1094 1163 1179 1230 'tlux
1208 1160 1279 1230 eius
1298 1207 1319 1215 -

39 1264 43 1276 ¹
83 1272 94 1301 ‘
126 1260 361 1339 Achaemenes
380 1269 485 1334 rictus
512 1277 577 1346 est3
603 1268 724 1334 iterum
749 1248 1029 1359 perAgahazum
1043 1266 1207 1361 Aegypto
1223 1288 1280 1334 re·
1306 1280 1319 1295 ³

128 1381 256 1463 cepta„
291 1369 340 1440 Ut
359 1370 506 1439 'Graecis
533 1362 609 1439 cum
636 1364 721 1462 rege
746 1371 950 1462 pacificatis,
968 1371 1069 1446 „bella
1088 1371 1173 1460 inter
1186 1370 1280 1460 ipsos

113 1487 202 1543 orta
228 1483 312 1543 sunt.
364 1475 453 1549 Inde
470 1462 634 1564 repetitae
655 1474 962 1565 Peloponnensium
989 1472 1152 1565 origines:
1178 1482 1217 1541 ut
1238 1473 1281 1541 ab

104 1569 285 1666 ‘Herculis
310 1578 453 1669 posteris
469 1576 595 1645 Dorico
622 1578 757 1668 populo
774 1577 816 1659 sit
837 1586 1014 1671 occupata.
1054 1569 1189 1645 Deinde
1203 1577 1281 1644 bel-

90 1754 93 1759 ,
123 1685 163 1775 la
189 1682 355 1774 Argolica
378 1691 414 1749 'et
439 1680 667 1748 Messeniacat
694 1680 874 1770 coalitique
894 1682 1040 1770 Sicyone
1066 1689 1100 1749 et
1124 1679 1281 1749 Corinthi

97 1780 270 1878 'tyranni
328 1784 466 1853 Bellum
492 1783 696 1869 Crisaeum,
732 1793 766 1853 et
796 1785 891 1874 quod
916 1784 1137 1873 Athenienses
1167 1784 1281 1876 primo

130 1913 208 1961 com
232 1888 390 1999 Boeotis,
416 1888 495 1957 dein
521 1908 600 1955 cum
624 1888 880 1980 Peloponnesiis
904 1895 1087 1982 gesserunt
1172 1958 1177 1970 ,

138 2169 148 2175 ..
279 2159 285 2184 x
455 2075 693 2145 Pnonouus
724 2043 953 2146 mser-nv.
1077 2109 1081 2113 ¹
1208 2079 1210 2082 ’

208 2195 344 2286 Quarto
371 2194 545 2263 volumine
576 2197 786 2273 continentur
818 2219 873 2265 res
902 2194 1056 2280 Siculae,
1089 2193 1134 2263 ah
1163 2192 1284 2289 ultima

130 2299 262 2394 origine
289 2320 395 2390 usque
420 2299 466 2367 ad
493 2297 641 2397 deletam
666 2300 839 2392 Syracusis
852 2296 1108 2371 Atheniensium
1131 2296 1285 2368 classem.

468 2487 705 2558 Pnonocus
734 2489 872 2559 L1snr
902 2485 1016 2577 V.¹
1108 2493 1112 2498 ’
1238 2512 1241 2533 ¹

98 2682 102 2687 ,
208 2606 336 2692 Quinto
348 2604 521 2701 volumine
540 2607 750 2678 continentur
774 2609 873 2679 haec.
914 2606 1054 2676 Bellum
1070 2604 1157 2674 inter
1171 2603 1286 2674 Athe-

52 2698 79 2778 ’,
128 2711 258 2780 nienses
285 2719 319 2798 et
342 2710 653 2798 Lacedaemonios,
679 2712 774 2803 quod
798 2711 1019 2782 Deceleicum
1043 2719 1201 2806 vocatur,
1226 2700 1284 2778 risss

128 2837 197 2904 que
224 2814 268 2881 ad
294 2821 410 2903 captas
435 2812 619 2886 Athenas.'
651 2812 704 2884 Ut
726 2816 856 2906 expulsi
880 2823 956 2884 sunt
980 2810 1122 2897 Athenis
1143 2812 1285 2905 'triginta

121 2917 269 3007 tyranni.
293 2965 296 2971 -
320 2915 474 3001 Bellum,
500 2916 596 3005 quod
620 2918 885 2988 Lacedaemonii
910 2917 945 2987 in
968 2918 1049 2988 Asia
1075 2939 1152 3009 cum
1178 2919 1284 2984 Arta·-

129 3033 231 3089 xerx'e
257 3028 456 3112 gesserunt,
480 3030 623 3113 propter
651 3020 780 3113 Cyrum
804 3024 934 3092 initum.
985 3021 1077 3090 Hinc
1100 3020 1284 3111 repetitum

47 3168 51 3176 -
82 3136 95 3164 ¹·
128 3126 164 3207 in
190 3147 326 3193 excessu
352 3120 434 3212 Cyri
468 3145 547 3192 cum
578 3125 683 3196 fratrc
712 3127 857 3210 hellum3
892 3135 927 3197 et
960 3113 1193 3211 Graecorum,
1226 3122 1285 3214 qui

128 3227 191 3298 sub
218 3242 260 3297 eo
285 3227 520 3298 militaverunt.

454 3412 690 3486 Pnonocus
721 3416 858 3489 Lrsnr
891 3416 953 3493 Vl.
1021 3398 1024 3407 ⁸

76 3602 85 3618 ,
205 3527 309 3602 Sexto
327 3531 499 3604 volumine
519 3538 729 3608 continentur
753 3536 850 3610 haec.
892 3536 1030 3607 Bellum
1045 3530 1284 3606 Lacedaemo-

127 3633 277 3723 niorum,
310 3646 444 3731 gestum
469 3639 504 3729 in
526 3643 607 3711 Asia
633 3664 713 3713 cum
737 3642 879 3713 Persicis
903 3640 1103 3733 praefectis,
1139 3633 1307 3706 ducibus·

50 3812 54 3819 ,
125 3737 211 3808 belli
236 3738 433 3830 Dercyllide
466 3750 501 3812 et
526 3745 706 3835 Agesilao,
741 3769 849 3836 nsque
881 3745 927 3814 ad
958 3743 1129 3837 proelium
1162 3739 1288 3808 navale

65 3842 71 3855 '
125 3839 252 3912 lactum
278 3841 424 3925 Cnidos,
442 3866 511 3934 qno
536 3848 630 3916 victis
655 3850 738 3933 illis,
771 3849 993 3943 Athenienses
1018 3845 1186 3936 repetiere
1215 3843 1284 3941 im-

121 3945 266 4032 perium.
316 3946 405 4016 Dein
430 3948 558 4018 bellum
585 3951 851 4038 Corinthiacum,
876 3961 911 4021 et
935 3951 1065 4019 bellum
1084 3947 1284 4039 Boeotium,

121 4067 191 4134 quo
216 4048 369 4119 Leuctris
396 4058 430 4119 et
455 4050 649 4122 Mantineae
674 4056 755 4126 victi
785 4055 961 4150 Spartani,
996 4056 1138 4123 amisere
1167 4048 1311 4140 impe·'

120 4151 218 4216 rium.
268 4149 310 4216 In
335 4153 515 4223 Thessalia
540 4157 665 4226 deinde
689 4158 832 4244 Iasonis,
860 4168 894 4228 et
914 4165 994 4251 post
1013 4152 1285 4226 illum'Alexan-

119 4251 177 4335 dri
196 4249 343 4323 Pheraei
368 4259 528 4330 coalitum
559 4271 660 4351 atque
695 4263 894 4355 exstinctum
925 4261 1117 4354 imperinm.
1160 4258 1285 4330 'Tum

126 4608 292 4648 ’Δια
