2692 4718
377 842 380 847 ’
481 876 692 950 sinan
729 858 889 948 xrmx.

587 1086 800 1103 μ*

377 1245 710 1313 ι-ιιιιιιιιιιιιιι
747 1201 994 1312 ιιιιιιιιι

162 1330 346 1446 honoram,
374 1367 534 1429 interiecto
553 1370 648 1434 fratre
672 1368 840 1445 Antiocho,
864 1366 936 1427 dum
960 1350 1129 1449 deyyptum
1156 1376 1262 1447 tentat,

191 1454 310 1535 Syriam
324 1454 450 1535 amittit,
472 1464 502 1514 et
516 1456 637 1515 tandem
657 1466 783 1516 cruento
803 1456 866 1514 fato
883 1453 1012 1512 tollitur.

161 1538 348 1614 alumna,
369 1559 408 1601 ex
425 1540 553 1619 ignobili
571 1561 627 1602 rex
641 1541 757 1618 sactus,
780 1540 853 1599 dum
869 1539 1022 1599 fortunam
1036 1557 1121 1598 suam
1138 1559 1200 1598 non
1214 1559 1263 1599 re·

160 1634 332 1707 verenter
346 1622 452 1698 habet,
473 1625 562 1686 foede
581 1626 676 1706 perit,
697 1627 876 1688 interfectus
896 1645 915 1685 a
931 1624 1056 1704 Grypo,
1078 1624 1177 1704 quiet
1192 1645 1263 1685 ma-

189 1718 270 1771 trem
282 1718 314 1771 et
326 1668 452 1772 irrtreni
468 1710 584 1789 exstin
569 1710 640 1770 ⁰uit

161 1794 320 1876 cleopatra
337 1796 438 1876 regina
460 1805 555 1856 mater
571 1798 602 1856 in
623 1795 762 1877 Aegypto
785 1793 975 1875 gramsdmas
990 1791 1095 1853 turbas
1111 1793 1260 1855 concitate

190 1880 274 1942 unde
294 1876 462 1943 horrendae
484 1882 620 1943 lanienae
640 1901 680 1942 ex
703 1881 898 1942 mulierum
889 1901 953 1961 rra,
974 1897 1104 1960 quarum
1120 1878 1261 1941 interitus

189 1964 384 2028 describitur.

163 2033 329 2121 Proeliares
342 2051 533 2130 tragoediae,
553 2070 629 2134 quas
646 2050 832 2131 Cleopatra
822 2061 903 2111 anter
923 2068 995 2110 snos
1013 2049 1138 2111 excitat.
1175 2049 1262 2110 Tan·

177 2134 260 2201 dem
272 2136 326 2197 illa
344 2138 439 2197 afilia
457 2138 631 2197 Alexandro
647 2145 794 2217 occupata
812 2136 1004 2197 interficitur.

165 2220 351 2283 ilexander
340 2244 373 2282 ιιι
388 2223 526 2283 exsilium
544 2225 658 2300 agitur,
679 2231 825 2282 revocato
845 2222 1018 2281 Ptolemaeo
1036 2219 1148 2284 Natho.
1190 2221 1262 2279 lio-

166 2306 347 2452 ιιιιιιίιιιᾱ
371 2309 539 2370 Orientalia
559 2328 652 2389 regna
673 2307 924 2387 excurrentibus,
945 2307 1035 2388 Syria
1051 2315 1084 2397 et
1103 2305 1262 2389 Adgyptur

185 2412 285 2455 varan
300 2410 347 2455 ur.

562 2600 781 2618 *d————

418 2822 424 2841 t
529 2766 747 2844 CAPUT
797 2770 825 2844 1.

170 2942 322 2993 monuo
341 2918 377 2992 ln
399 2922 541 2992 Parthie
561 2949 640 2997 cum
668 2927 817 2997 exercitu
847 2924 983 3011 deleto,
1008 2918 1207 2991 hetereius
1236 2930 1255 2993 1

172 3027 313 3113 netrins,
338 3025 514 3095 obsidione
533 3028 739 3100 Parthorum
755 3029 915 3101 liberatus
936 3047 977 3098 ac
990 3024 1157 3095 restitutus
1173 3024 1210 3091 iu
1246 3033 1255 3055 Ἰ

173 3152 267 3216 uum,
279 3154 385 3221 quum
400 3131 507 3200 omnis
520 3131 620 3222 Syria
633 3133 669 3201 in
682 3134 776 3227 luctu
787 3143 930 3225 propter
943 3129 1098 3199 amissum
1112 3149 1207 3196 exer-

174 3256 207 3305 ιιι
227 3244 330 3316 essen
353 3234 449 3325 quasi
462 3234 621 3304 Parthica
637 3235 741 3326 ipsius
757 3258 800 3306 ac
818 3236 930 3304 fratris
943 3232 1058 3317 belli,
1084 3230 1206 3320 quibus
1234 3241 1258 3303 2

176 3345 344 3430 emptas,
371 3337 456 3405 alter
479 3337 608 3413 oenus
632 3348 722 3424 erat,
747 3360 915 3430 prospere
941 3336 1135 3419 cessissent,
1159 3332 1208 3402 ita
1288 3404 1291 3435 Ι

177 3449 273 3533 ypto
280 3439 412 3510 bellum
424 3439 548 3509 inferre
564 3443 677 3509 statuit
683 3462 865 3536 ,regnum
884 3440 1040 3535 Aegypti
1053 3435 1208 3529 Cleopa·
1314 3478 1317 3495 ι

178 3564 268 3615 eoru
281 3540 428 3651 pretinm
442 3542 555 3612 anxilii
568 3543 726 3613 adversus
739 3544 877 3617 fratrem
895 3548 994 3614 snu'm
1012 3540 1208 3663 pollicente
1277 3562 1280 3567 ·

190 3644 275 3716 duur
289 3640 402 3717 aliena
414 3643 569 3733 affectat,
596 3658 634 3718 ut
650 3634 780 3718 adsolet
796 3648 889 3737 lieri,
912 3647 1054 3742 propria
1066 3668 1147 3765 per·
1144 3646 1208 3714 de-
1234 3654 1257 3718 8

181 3754 288 3821 ionem
319 3750 439 3841 Syriae
468 3751 594 3820 amisit:
628 3752 795 3840 siquidem
822 3750 1067 3823 Antiochenses
1095 3748 1208 3841 primi,
1272 3812 1275 3823 .

183 3878 193 3923 ι
209 3851 422 3947 Tryphone,
447 3864 655 3925 exsecrantes
669 3858 862 3948 superbiam
877 3856 988 3947 regis,
1014 3876 1103 3943 quae
1123 3873 1209 3921 con-

184 3957 289 4029 atione
314 3957 496 4031 Parthicae
525 3959 732 4029 crudelitatis
761 3958 981 4028 intolerabilis
1006 3957 1099 4026 iacta
1125 3963 1209 4040 erat,

209 4062 400 4154 Apamam,
426 4073 630 4152 ceteraeque
660 4062 810 4133 civitates
843 4061 1038 4154 exemplum
1061 4065 1208 4145 secutae,
1250 4111 1254 4121 .

559 4260 632 4327 Lib.
652 4262 796 4327 XXXIX.

188 4381 238 4469 ier·
253 4384 276 4439 t
291 4381 321 4451 §0
338 4382 364 4439 t.
384 4383 532 4438 obsidione·
568 4384 595 4434 S.
613 4380 659 4434 die
675 4385 807 4438 Anmerlr.
824 4398 859 4435 au
874 4384 916 4445 11,
935 4379 1050 4450 lm„
