2692 4718
435 665 667 791 urrann
713 716 873 790 xxvm.

308 1028 311 1032 ’
357 1002 692 1157 ιιιιιιιιιιιιιιιι
723 1055 962 1123 curruum.

36 1222 41 1237 .
77 1185 107 1248 1.
128 1179 295 1262 Olympias,
310 1142 472 1242 Alexandri
483 1179 628 1260 Epirotae
641 1177 744 1253 vidua
761 1180 912 1240 Demetrio
928 1176 1237 1243 MacedoniPhthiam
1266 1196 1268 1201 '

69 1316 73 1322 .
155 1267 254 1327 filiam
271 1268 323 1328 dat
339 1284 483 1327 uxorem.
505 1264 588 1324 unde
600 1254 769 1341 tragoedra
771 1274 802 1324 et
815 1266 967 1329 bellorum
980 1267 1074 1330 mitra

76 1359 108 1420 2.
129 1351 232 1413 Aetoli
255 1353 386 1435 superbe
407 1351 594 1432 respondent
612 1350 754 1409 Romanis
763 1351 847 1429 ,qui
865 1353 1072 1414 Acarnanibus
1088 1353 1237 1414 auxilium

161 1438 364 1518 praebebant,
388 1447 419 1498 et
435 1459 517 1497 arma
532 1445 655 1495 movent
672 1435 835 1514 intrepide.

75 1529 109 1590 8.
130 1524 214 1583 Filiia
231 1524 348 1584 duobus
362 1523 470 1582 morbo
484 1521 609 1581 sublatis
624 1518 782 1601 Olympias
799 1543 860 1605 non
878 1520 930 1581 diu
944 1522 1125 1602 supervivit.
1144 1524 1237 1593 'Lao-

163 1610 261 1669 damia
279 1610 340 1668 filia
363 1609 531 1668 interiecta.
574 1605 685 1683 Epirus
710 1607 842 1683 graviter
867 1608 1021 1686 affligitur.
1059 1610 1236 1670 ,Demetrius

15 1756 18 1761 ,
161 1693 289 1764 Macedo
303 1695 442 1757 moritur.
485 1693 583 1753 Huius
599 1691 653 1749 filii
665 1687 801 1772 Philippi
813 1693 983 1771 Antigonus
994 1695 1120 1755 tutelam
1136 1698 1236 1756 ausei-

31 1828 34 1833 .
68 1776 71 1781 ’
161 1774 222 1861 pit,
246 1801 335 1859 qnam
351 1781 519 1859 prudenter
535 1777 735 1838 administrat.
807 1830 811 1836 ,
1281 1849 1285 1861 .

77 1870 107 1933 4.
120 1867 245 1926 'Bellum
267 1867 410 1943 Antigoni
437 1865 583 1924 adversus
607 1864 789 1942 Spartanos:
821 1883 952 1942 quorum
973 1862 1036 1924 rex'
1048 1865 1234 1944 Cleomenes,

165 1951 286 2011 uiribus.
297 1952 425 2028 attritis,
447 1944 480 2008 in
499 1950 671 2029 Aegyptum
694 1949 849 2029 profugit,
870 1950 925 2009 ubi
941 1949 1134 2012 interficitur.
1168 1953 1237 2012 An-

161 2036 267 2117 tigono
284 2047 425 2117 mortuo,
446 2035 607 2117 Philippus
622 2044 738 2113 regnat.
821 2068 824 2079 ι

432 2307 435 2310 ’
515 2318 709 2418 carun
734 2341 787 2412 ἰ.

10 2485 37 2557 ι’
78 2461 308 2587 (inanimis,
334 2496 459 2590 Pyrrhi
483 2499 649 2588 Epirotae
676 2500 766 2592 regis
789 2498 880 2583 filia,
907 2499 1028 2568 amisso
1053 2472 1185 2585 marito,
1215 2510 1234 2572 1

80 2604 271 2693 eodemque
290 2625 455 2694 germano
472 2603 594 2688 hatte,
619 2603 834 2686 Alexandro,
862 2624 967 2690 quum
984 2604 1127 2674 tutelam
1141 2604 1187 2671 fi-

17 2774 30 2785 ,,
76 2710 205 2789 diorum
225 2730 266 2776 ex
293 2728 335 2775 eo
353 2715 605 2797 susceptorum,
631 2706 757 2796 Pyrrhi
777 2715 811 2772 et
833 2706 1041 2797 Ptolemaei,
1069 2709 1188 2800 regni-

28 2834 31 2839 ·
78 2835 147 2902 que
176 2810 497 2909 administratipnem
525 2811 560 2889 in
591 2833 627 2879 se
659 2810 855 2899 recepisset,
888 2811 1020 2878 Aetolis
1047 2822 1186 2901 partem
1216 2824 1219 2828 ’

17 2946 23 2955 ·
78 2902 306 2999 Acarnaniae,
331 2935 433 3035 cuam
461 2915 496 2981 in
526 2916 755 3004 portionem
749 2912 833 2980 belli
854 2922 951 3002 pater
973 2916 1186 3005 pupillorum

79 3014 278 3131 acceperat,
295 3018 426 3117 eripere
443 3019 652 3136 veientibus,
671 3016 716 3083 ad
731 3039 851 3108 regem
872 3015 1097 3086 Macedoniae
1112 3018 1218 3085 Des

14 3124 17 3131 ’
78 3118 234 3192 mettium
256 3113 419 3200 decurrit3
444 3121 562 3222 eique,
587 3120 728 3187 habenti
750 3141 889 3187 uxorem
909 3120 1072 3189 Antiochi
1093 3121 1235 3212 regis2

10 3220 33 3303 ij
78 3227 201 3316 Syriae
213 3247 382 3313 sororem,
379 3206 506 3292 filiam
520 3248 613 3291 suam
628 3220 811 3291 Phthiam
801 3239 837 3288 m
850 3224 1097 3291 matrimonium
1115 3233 1209 3292 tra-
1261 3216 1277 3312 s

63 3331 144 3416 ¹dita
169 3277 395 3419 utanxiliuni,
422 3327 517 3419 quod
532 3321 762 3396 mlsencordta
773 3348 842 3393 non
855 3327 1107 3417 poterat,1ure
1123 3349 1186 3408 ou·
1280 3345 1291 3359 “

10 3426 20 3485 ἓ
79 3432 247 3525 guntionis
261 3432 437 3519 obtineret.
490 3430 592 3498 Fiunt
593 3430 716 3526 igitur
731 3430 884 3521 nuptiae,
911 3429 1032 3517 quibus
1052 3440 1087 3498 et
1105 3431 1187 3500 nori
1213 3439 1234 3500 3

78 3536 284 3604 matrimonii
298 3533 407 3626 gratia
421 3518 621 3622 acquiritur,
639 3543 673 3600 et
688 3534 808 3601 veteris
823 3531 953 3600 offensa
966 3534 1184 3604 contrahitur.

12 3662 31 3695 ·..
50 3626 58 3645 “
78 3640 168 3708 Nam
186 3614 282 3732 prior
293 3659 404 3722 uxor,
431 3638 526 3706 velut
544 3637 763 3711 matrimonio
780 3637 896 3756 pulsa,
923 3649 1043 3727 sponte
1060 3660 1120 3707 sua
1140 3636 1186 3705 ad
1213 3646 1236 3711 4

10 3752 39 3835 ,i
63 3743 220 3812 'fratrem
233 3741 442 3811 Antiochum
459 3737 601 3825 discedit
609 3755 793 3830 ‘stumque
806 3742 842 3808 in
855 3741 966 3808 mariti
979 3738 1129 3810 bellum
1120 3756 1199 3845 un-
1270 3741 1288 3791 -’

78 3847 187 3938 pellit
237 3847 431 3914 Acarnanes
439 3867 583 3934 quoque
596 3837 699 3913 diffisi
713 3842 880 3935 Epirotis,
907 3843 1065 3913 adversus
1081 3826 1191 3931 Aeto·
1215 3851 1241 3920 5

65 3951 143 4018 .los
149 3949 315 4018 auxilium
332 3950 564 4031 Romanorum
577 3936 816 4041 impibrahtes,
842 3947 1057 4015 obtinuerunt
1079 3926 1205 4020 aRu-

24 4134 31 4151 ι
56 4067 183 4145 ‘manu
199 4060 335 4153 senatu,
361 4061 398 4120 ut
412 4053 518 4143 legati
537 4053 780 4137 mitterentur,
793 4051 852 4138 qui
871 4049 1107 4121 denuntiarent
1119 4054 1187 4121 Ae·
1276 4056 1279 4061 ’

10 4228 13 4235 ,
80 4148 184 4258 totis,
205 4142 400 4248 praesidia
430 4153 476 4222 ab
507 4153 653 4222 urbibus
682 4153 917 4229 Acarnaniae
948 4154 1187 4247 deducerent,
1216 4164 1239 4228 6
1303 4208 1306 4216 .

48 4252 357 4361 permeaturque
378 4263 454 4329 esse
467 4256 613 4344 itherus,
640 4257 701 4350 qut
721 4257 788 4326 soli
810 4257 1005 4371 quendum
1013 4251 1188 4383 adversm

940 4460 943 4464 Δ
1039 4411 1050 4445 l
