2692 4718
335 268 527 333 unsrun.
554 266 641 331 nra.
660 268 743 335 xn.
772 268 868 333 car.
889 274 922 337 s.
940 274 972 339 a.
1154 274 1216 345 sss
1310 358 1313 365 ,

60 432 180 497 ctores
197 448 297 517 artos,
324 448 372 497 uc
390 428 514 519 stirpis
534 441 640 515 sune,
671 428 892 502 sedatum
912 440 1063 515 eorrrm,
1077 428 1168 501 Mir-
1190 482 1207 499 ..

53 530 402 623 cedortt'ueregnum
417 538 538 600 tenere
552 533 672 605 molle.
725 533 793 601 Per
814 531 903 601 haec
923 534 1080 625 mitigato
1097 544 1218 626 posslss

54 633 166 727 pulo,
191 658 252 703 rex
271 634 502 711 Macedoniae
523 637 727 729 appellatur.
778 636 1002 727 Lysimachus
1018 650 1218 728 quoquqrs

53 760 168 830 ,quum
192 739 287 808 bello
306 738 576 827 Dromichaetis,
604 742 697 833 regis
717 738 913 825 Thracum,
945 752 1168 831 premeretur,

55 864 104 925 ne
120 842 245 911 eodem
259 853 418 936 tempore
433 852 468 911 et
482 843 642 913 adversus
653 866 731 916 eum
740 843 901 915 dimicare
916 868 1052 917 necesse
1063 844 1176 915 habe-

56 956 132 1031 rat,
155 946 282 1015 tradita
302 949 334 1017 ei
358 948 465 1017 altera
483 958 583 1039 parte
609 947 855 1033 Macedoniae,
881 970 971 1039 quae
987 950 1170 1043 Antipatro
1197 968 1207 1025 ἶ

57 1050 133 1121 eius
146 1072 277 1142 genero
294 1053 499 1135 obvenerat,
524 1075 647 1143 pacem
661 1074 739 1123 cum
761 1074 803 1121 eo
819 1052 915 1127 fecit.
998 1064 1003 1073 '
1098 1084 1103 1093 ·

113 1153 203 1225 Gar.
228 1154 275 1228 ll.
318 1155 426 1247 lgitur
438 1156 647 1242 Demetrius,
671 1156 749 1223 totis
763 1156 993 1227 Macedoniae
1005 1155 1106 1249 regni
1117 1155 1171 1224 vi·
1199 1168 1218 1231 1

55 1258 155 1335 ribus
166 1258 363 1346 instructus,
389 1282 495 1349 quum
514 1261 630 1330 Asiam
648 1276 822 1351 occupare
840 1263 1024 1343 statuisset,
1048 1262 1171 1331 iterato

56 1362 295 1447 Ptolemaeus,
331 1362 516 1448 Seleucus,
551 1373 586 1433 et
615 1363 858 1454 Lysimachus,
891 1364 1021 1455 experti
1056 1364 1172 1456 priore

58 1466 259 1549 certamine,
285 1476 431 1554 quantae
447 1468 534 1537 vires
557 1478 665 1537 essent
684 1468 907 1551 concordiae,
934 1476 1036 1559 pacta
1058 1468 1172 1537 socie-

59 1578 134 1639 tate
145 1570 368 1658 adunatisque
382 1572 599 1656 exercitibus,
624 1572 757 1639 bellum
780 1570 939 1641 adversus
958 1570 1172 1639 Demetrium

55 1672 264 1743 transferunt
276 1673 311 1742 iu
327 1674 516 1765 Europam.
567 1675 633 1743 His
648 1676 809 1743 comitem
826 1696 862 1743 se
883 1682 917 1741 et
935 1674 1021 1743 belli
1040 1676 1171 1743 socium
1197 1686 1223 1748 2

56 1776 172 1869 iungit
184 1776 353 1867 Pyrrhus,
379 1800 439 1845 rex
460 1776 578 1868 Epiri,
604 1800 744 1869 sperans
765 1798 835 1845 uon
851 1776 1025 1846 difficilius
1040 1777 1172 1846 Deme·

58 1879 165 1951 trium
179 1881 333 1949 amittere
349 1880 592 1951 Macedoniarn
605 1903 718 1971 posse,
744 1902 848 1968 quarn
861 1880 1070 1969 acquisierat
1095 1882 1171 1951 Nee
1198 1894 1220 1955 3

59 2006 140 2077 spes
155 1984 279 2053 frustra
302 1983 381 2051 fuit:
407 1984 538 2074 quippe
558 1986 707 2055 exercitu
729 1984 800 2052 eius
819 1993 999 2074 corrupto,
1024 1984 1170 2075 ipsoque

58 2087 97 2157 in
119 2086 242 2181 fugam
266 2096 362 2174 acto,
395 2110 541 2179 regnum
569 2086 798 2157 Macedoniae
826 2088 1019 2178 occuparit
1077 2087 1170 2156 Dum
1186 2097 1220 2162 ·4

59 2190 154 2261 baec
179 2201 342 2283 aguntur,
375 2190 599 2282 Lysimachus
628 2214 794 2283 generum
819 2212 918 2260 sunm
941 2192 1170 2281 Antipatrum,

37 2316 208 2387 ¹rognum
222 2294 452 2365 Macedoniae
468 2293 642 2362 ademtum
662 2296 726 2363 sibi
748 2293 870 2363 fraude
893 2295 1002 2364 soceri
1022 2316 1170 2383 queren-

60 2408 152 2483 tem,
182 2398 356 2478 interficit3
394 2399 569 2485 liliumque
592 2420 688 2467 suam
708 2398 921 2486 Eurydicen,
954 2398 1171 2486 querelarum

61 2502 213 2587 sociam,
236 2502 274 2573 in
290 2503 480 2574 custodiam
500 2501 619 2569 tradit:
643 2510 747 2589 atque
765 2502 813 2569 ita
826 2500 1172 2595 univeranassandri
1199 2507 1221 2575 t

61 2606 187 2676 domus
200 2605 398 2676 Alexandro
416 2604 551 2696 Magno
568 2628 628 2674 seu
645 2605 740 2673 'necis
755 2605 877 2695 ipsius,
900 2627 962 2675 seu
980 2604 1092 2695 stirpis
1109 2626 1173 2675 ex..-

61 2712 205 2785 tliuctae
220 2732 368 2800 poenas,
394 2711 516 2802 partini
534 2708 659 2797 caede,
686 2710 812 2799 partim
832 2708 1023 2799 supplicio,
1049 2708 1174 2800 partim

61 2813 251 2907 parricidio
277 2814 351 2885 luit
401 2813 593 2882 Demetrius
617 2835 757 2902 quoque
776 2836 798 2880 a
817 2821 870 2881 tot
885 2813 1086 2883 exercitibus
1104 2813 1173 2883 cir-
1201 2822 1224 2884 6

63 2927 279 3003 cumventus,
305 2940 411 3006 quum
426 2927 543 3007 posset
553 2916 697 2989 honeste
712 2916 811 3001 mori,
835 2917 978 3008 turpiter
991 2940 1028 2985 se
1043 2915 1187 2986 dedere·
1203 2941 1213 2989 ,³

62 3022 213 3095 Seleuco
234 3021 363 3091 maluit.
414 3021 528 3090 Finito
555 3021 667 3105 bello,
697 3021 916 3091 Ptolemaeus
939 3044 1018 3092 cum
1040 3043 1175 3112 ¹magna

61 3148 179 3197 rerum
192 3134 365 3220 gestarum
379 3125 492 3217 gloria
507 3125 657 3193 moritur.
697 3126 730 3193 ls
744 3134 862 3195 contra
878 3124 933 3195 ius
943 3124 1094 3216 gentium
1107 3123 1174 3191 mi·
1200 3135 1225 3199 7

62 3230 158 3304 nimo
179 3239 262 3303 natu
285 3252 327 3299 ex
348 3230 424 3297 liliis
446 3239 526 3299 ante
546 3228 774 3300 infirmitatem
800 3250 949 3319 regnum
976 3227 1172 3310 tradiderat,

63 3336 206 3425 eiusque
218 3334 267 3403 rei
280 3334 414 3425 populo
428 3333 591 3400 rationein
613 3333 828 3401 reddiderat:
854 3332 947 3400 cuius
970 3354 1039 3400 non
1063 3332 1174 3399 minor
1200 3342 1223 3406 8

61 3438 166 3509 favor
178 3440 215 3507 in
230 3437 454 3530 accipiendo,
480 3460 582 3525 quam
597 3437 702 3529 patris
716 3436 750 3504 in
763 3434 932 3505 tradendo
947 3456 1068 3529 regno,
1094 3434 1175 3502 fne-

61 3550 129 3613 rat.
179 3540 272 3611 Inter
294 3550 408 3612 cetera
432 3540 535 3633 patris
558 3550 591 3609 et
611 3540 673 3608 lilii
690 3548 826 3607 mutuae
847 3540 984 3629 pletatis
1005 3540 1172 3631 exempla,
1200 3546 1222 3609 9

64 3646 169 3717 etiarn
184 3668 292 3715 eures
306 3669 458 3714 amorem
474 3646 596 3735 populi
609 3644 722 3713 iuueni
736 3641 984 3729 conciliaverat,
1000 3642 1095 3733 quod
1109 3665 1175 3732 pa-

37 3768 43 3775 ·
62 3760 135 3834 ter,
161 3771 270 3841 regno
283 3750 317 3818 in
337 3750 479 3841 publice
494 3748 637 3832 tradito,
661 3748 811 3839 privatus
831 3748 984 3817 officium
997 3746 1074 3839 regi
1088 3746 1175 3814 inter
1217 3784 1222 3795 ·

64 3853 226 3923 satellites
241 3853 391 3938 fecerat,
417 3853 577 3943 omnique
589 3875 698 3946 reguo
712 3850 891 3944 pulchrius
907 3850 1000 3943 regis
1020 3872 1092 3919 esse
1109 3871 1175 3942 pa·

39 4012 44 4021 .
63 3966 155 4027 trem
169 3955 321 4030 duxerat.
1217 3970 1222 3981 ·

23 4082 30 4095 ·
120 4058 211 4129 Car.
236 4058 297 4128 Ill.
350 4057 423 4129 Sed
440 4058 525 4126 inter
544 4056 789 4148 Lysimachum
808 4064 841 4127 et
855 4054 1027 4149 Pyrrhum
1044 4074 1178 4148 regern,
1206 4059 1224 4123 1

66 4164 181 4235 socios
205 4163 325 4257 paullo
351 4173 428 4231 ante
448 4162 607 4231 adversus
630 4161 858 4253 Demetrium,
892 4158 1064 4229 assiduum
1092 4158 1179 4227 inter

69 4290 172 4363 pares
186 4266 377 4377 discordiae
392 4266 522 4337 malurn
534 4266 667 4335 bellurn
680 4276 843 4337 mouerat.
891 4264 1010 4350 Victor
1020 4262 1179 4355 Lysinia·
1205 4270 1228 4331 2
