2692 4718
471 758 711 844 nrnraa
760 771 886 846 unu
978 748 988 819 ἴ

576 982 788 999 Μ

278 1158 309 1184 ,,
373 1079 710 1189 ιιιιιιίιιιιιιιι
740 1109 985 1175 οιιιιιιιι.

77 1234 133 1303 1.
155 1228 366 1313 Peloponnesii
379 1254 436 1314 per
454 1231 658 1313 proditionem
680 1231 832 1311 Antigono
848 1233 1022 1295 traduntur.
1064 1231 1260 1298 Aristotimus

186 1327 333 1398 tyrannus
347 1320 486 1398 Epirotes
501 1319 624 1396 affligit,
647 1328 679 1379 et
694 1318 842 1378 Hellanici
856 1320 1018 1399 prudentia
1034 1323 1229 1420 opprimitur

53 1408 135 1471 ·.2
155 1401 325 1482 Antigonus
348 1405 444 1465 Gallis
470 1405 618 1482 occurrit,
648 1404 701 1484 qui
724 1406 915 1464 insererem
934 1405 1033 1481 versi,
1061 1407 1204 1486 coniuges
1227 1417 1258 1470 et

185 1490 298 1551 liberos
322 1510 392 1550 suos
410 1490 579 1553 trucidante
602 1489 712 1550 deinde
729 1488 863 1549 numinis
879 1489 1015 1552 vindicta
1035 1512 1139 1552 omnes
1157 1494 1257 1556 inter-

20 1620 23 1629 ,
185 1576 313 1636 neeione
327 1575 474 1636 delentur.
519 1575 663 1654 Antigoni
678 1573 790 1635 bellum
804 1595 873 1635 curn
893 1574 1138 1648 Atheniensibus.

60 1728 64 1737 ¹
101 1667 133 1729 8.
155 1660 349 1737 Alexander,
370 1659 481 1740 Pyrrhi
504 1658 604 1736 filins,
625 1663 658 1720 in
677 1680 804 1741 regnum
827 1661 1010 1725 restituitur.
1050 1663 1148 1744 Regni
1165 1664 1257 1746 Cyre-

66 1784 69 1789 ·
183 1767 292 1809 narum
306 1746 501 1813 turbulentus
514 1756 623 1837 statup.
994 1798 997 1803 .

572 1950 784 1976 ιιι-ἀι·-

533 2105 738 2209 orrun
789 2107 837 2201 sl

29 2256 44 2327 ’-
94 2223 218 2339 Posn
239 2271 385 2335 mortem
397 2258 525 2354 Pyrrhi
542 2287 612 2333 non
630 2263 666 2332 in
685 2250 1058 2352 Macedonianum,
1075 2287 1202 2339 ¹verum
1231 2281 1251 2346 1

99 2371 200 2453 etiem
223 2369 274 2439 in·
271 2371 361 2439 Asia
383 2369 597 2458 Graeciaque
624 2369 743 2460 magni
765 2369 938 2438 bellorum
961 2380 1072 2438 motus
1093 2371 1199 2443 fuere.

58 2476 187 2545 Nam
200 2482 236 2542 et
250 2472 489 2568 Peloponnesi
502 2493 567 2563 per
579 2472 806 2563 proditionem
819 2472 1033 2579 Antigono
1010 2473 1142 2544 traditi.
1168 2486 1203 2571 et
1229 2490 1253 2552 2

10 2594 13 2611 '
97 2580 246 2648 variante
267 2577 446 2644 hominurn
468 2577 592 2667 partim
612 2576 751 2662 dolore,
776 2575 902 2667 partim
923 2560 1073 2669 gaudio,
1097 2563 1203 2670 prout
1230 2593 1252 2655 3

34 2682 252 2779 lingulae
264 2678 412 2751 civitates
425 2690 483 2748 aut
497 2678 658 2748 auxilium
674 2680 719 2749 de
732 2680 867 2770 Pyrrho
886 2680 1119 2773 speraverant,
1146 2694 1204 2753 aut
1294 2690 1297 2697 “

96 2797 208 2870 metus
229 2786 466 2871 sustinuerant,
491 2785 540 2853 ita
552 2794 611 2854 sut
630 2805 709 2853 cum
722 2785 898 2877 Antigono
917 2785 1134 2875 societatem
1124 2810 1202 2857 run·

20 2976 23 2981 ,
97 2892 253 2983 gebaut,
269 2879 328 2956 aut
341 2889 463 2956 mutuis
481 2888 618 2957 interae
633 2888 719 2956 odiis
731 2889 766 2956 in
779 2889 908 2977 bellan
924 2891 1079 2959 ruebant.
1110 2890 1203 2962 Inter
1228 2901 1253 2966 4

28 3008 55 3023 ··
96 2992 191 3064 hunc
214 2993 423 3061 turbatorum
444 2991 695 3083 provinciarum
711 3002 860 3084 motum,
884 2993 1042 3063 Eliorum
1063 3017 1203 3085 quoque
1258 3026 1262 3032 ·

96 3099 176 3168 urbs
189 3098 233 3167 sb
249 3097 445 3166 Aristotimo
460 3095 617 3189 principe
635 3118 700 3188 per
712 3096 926 3186 tyrannidem
946 3107 1153 3191 occupatur:
1180 3125 1201 3169 a
1228 3107 1252 3176 5

568 3295 641 3361 Lib
661 3294 778 3364 XXVI.

120 3417 234 3471 on.
246 3419 269 3470 l
286 3417 309 3486 ξ.
323 3417 356 3473 8.Ι
365 3419 494 3471 versante
505 3419 643 3473 dommum
652 3420 759 3491 partim
770 3419 872 3473 dolore·
894 3419 1008 3471 Gronov
1018 3433 1053 3470 zu
1064 3423 1128 3475 Dio.
1135 3421 1252 3495 XXXV,

94 3486 205 3571 81,18
228 3502 324 3557 wollte
343 3508 450 3558 animoa
465 3503 558 3568 lesem
585 3521 642 3557 von
668 3504 724 3557 den
742 3504 955 3576 Hernusgelsern
971 3503 1042 3556 wird
1061 3502 1130 3557 aber
1146 3524 1181 3560 ιιι
1201 3527 1253 3561 un

23 3650 34 3681 ·‚
94 3606 173 3645 rerer
188 3589 275 3643 stalla
294 3589 433 3658 bernerkt,
454 3590 515 3642 dare
533 3589 661 3645 derselbe
673 3592 807 3647 uelehrta
823 3595 945 3647 hommes
956 3589 1064 3643 andern
1074 3592 1168 3648 walle.
1189 3597 1253 3650 Wie

64 3677 161 3731 ,ἀοιιι
177 3678 251 3731 uueh
266 3693 336 3747 seyn
352 3694 433 3746 mag,
455 3676 538 3730 heide
556 3678 760 3750 Atndemngen
778 3677 841 3731 sind
861 3677 1007 3749 unndthig.
1045 3681 1075 3734 V
1071 3698 1164 3735 arzure
1182 3682 1253 3736 wind

10 3830 18 3845 ·
41 3790 51 3801 ·
34 3763 174 3818 nieht
196 3758 283 3817 allein
301 3763 347 3816 bei
367 3763 479 3827 Livius,
499 3764 621 3818 sondern
644 3764 719 3818 auch
742 3764 788 3818 hei
812 3756 903 3818 Iustin
924 3764 998 3816 diter
1017 3748 1184 3819 neutraliter
1202 3785 1254 3838 ge.

13 3850 18 3859 '
92 3849 223 3905 lsrsuelat.
258 3850 354 3922 Vergl.
371 3856 431 3920 nt,
448 3855 474 3921 1,
491 3853 522 3907 3:
543 3855 641 3908 deinde
660 3852 830 3905 variants
846 3848 1008 3925 rio-toria
1025 3870 1097 3903 narra
1111 3857 1252 3910 Lacedae-

31 3984 41 3993 .
93 3940 263 4001 mertiorum,
283 3957 355 3999 nunc
367 3942 576 3994 Atheniensium
592 3944 663 3994 iuris
674 3941 771 3995 hadita
784 3956 836 3994 est.
869 3939 911 4006 X,
928 3939 961 4005 8,
979 3938 1010 3991 62
1031 3938 1179 4011 bellumque
1192 3963 1252 3999 eum

11 4034 38 4059 ·³
64 4020 68 4027 ’
92 4014 389 4096 ἏὶοκαιιᾰνοΜαςηο,
407 4026 456 4079 diu
475 4026 647 4085 veniente
667 4026 844 4091 fortune,
864 4027 1081 4095 magnavirtnre
1093 4031 1189 4095 gessit.

17 4106 47 4181 ἶ,
150 4102 188 4180 i.
205 4108 233 4165 4.
254 4113 377 4164 Eliorum
391 4131 496 4183 quoque
511 4114 582 4168 urba.
616 4116 652 4165 So
669 4112 744 4165 habe
759 4111 808 4165 ioh
824 4108 1034 4164 unbedenklioh
1051 4111 1252 4182 gesohrieben3

16 4262 23 4271 ι
90 4195 140 4251 dia
163 4195 359 4270 gewiilsnliobe
383 4199 481 4249 Lessrt
504 4202 651 4270 Epirorum
665 4199 702 4250 ist
721 4197 926 4266 unhistorisoh,
952 4196 1011 4249 und
1035 4194 1109 4250 auch
1128 4200 1253 4254 unlatei-

91 4283 182 4343 niret.
219 4282 308 4339 lustin
325 4283 486 4356 gebraucht
496 4292 565 4338 stete
588 4283 634 4337 dis
647 4285 904 4358 Form.Epirotoe,·
925 4284 977 4337 der
993 4283 1110 4338 Pluralia
1127 4304 1183 4341 son
1200 4287 1251 4342 der

991 4364 1043 4432 22
