2692 4718
86 251 149 313 246
429 318 432 323 ,
537 244 820 309 lUS'l'llll

95 398 325 473 toiortiraimo
346 398 536 493 assignatae
554 410 649 473 snut:
673 402 763 473 adeo
777 402 879 473 οἰίοω
894 421 1059 475 concensu
1075 398 1238 483 universo

142 524 220 571 rum
231 503 384 595 palmam
401 504 529 573 virtutis
540 506 629 575 inter
643 514 775 577 ceteros
789 507 876 575 tulit.

95 616 114 677 1
196 606 285 675 Car.
310 606 372 675 lv.
416 608 618 699 Priusquam
630 612 761 681 bellum
772 612 860 680 iuter
873 607 1110 678 Ptolemaeum
1122 606 1243 680 uocioa-

144 732 214 799 qne
233 711 305 779 eiua
323 711 482 780 adversus
498 715 711 806 Antigonum
733 715 1020 796 committeretur,
1043 720 1189 801 repento
1210 732 1245 779 ex

142 813 226 883 Asia
240 815 368 883 maiore
380 814 550 906 digressus
564 819 742 905 Seleucus,
764 841 872 888 navus
884 816 1059 908 Antigono
1072 814 1182 882 hostia
1194 836 1247 885 ao·

93 924 118 986 2
144 925 299 985 cesserat
350 918 464 987 Huius
478 942 617 1010 qnoque
632 932 668 991 et
678 924 782 993 virtus
797 923 909 1005 clara,
936 930 972 990 et
986 918 1088 1011 origo
1098 916 1249 1003 admiru-

96 1027 118 1088 3
145 1019 224 1087 bilis
239 1019 312 1087 fuit
363 1021 541 1111 Siquidem
554 1037 662 1095 mater
676 1030 747 1096 eius
761 1026 932 1110 Laudice,
957 1046 1065 1113 quum
1078 1031 1188 1113 nupta
1202 1043 1250 1090 οσ-

144 1131 196 1189 aet
211 1122 403 1209 Antiocho,
429 1127 525 1196 claro
538 1129 625 1199 inter
637 1130 794 1223 Philippi
808 1130 913 1199 duces
926 1128 1019 1211 vira,
1042 1126 1116 1195 visu
1132 1134 1185 1195 eat
1195 1123 1251 1193 eibi

94 1232 117 1297 4
143 1246 210 1313 per
236 1227 385 1314 quietem
407 1253 450 1299 ex
474 1236 658 1304 concubitu
683 1234 853 1325 Apollinis
880 1232 1100 1322 concepisset
1134 1228 1251 1323 gravi-

145 1325 296 1417 damque
316 1331 460 1419 factam,
486 1360 606 1405 munus
626 1340 827 1409 concubitus
849 1336 1009 1405 annulum
1025 1332 1141 1407 alteo
1156 1354 1253 1401 acco·

145 1430 253 1520 pisse,
279 1434 315 1501 iu
330 1438 424 1507 cuius
440 1461 579 1530 gemma
594 1464 720 1512 ancora
739 1442 873 1532 sculpta
888 1449 991 1518 essct3
1016 1440 1177 1527 iussaque
1192 1435 1252 1504 do-

79 1538 118 1620 ,6
145 1555 230 1602 num
252 1536 343 1623 filio,
375 1564 479 1630 quem
507 1545 712 1636 peperisset,
742 1546 836 1613 dare.
894 1541 1147 1611 Admirabilem
1176 1538 1255 1609 fecit

144 1634 242 1711 huuc
257 1642 363 1711 visum
377 1655 411 1713 et
424 1649 585 1735 annulus,
611 1650 672 1739 qui
684 1660 820 1740 postera
835 1648 910 1730 die,
936 1645 1091 1715 eiusdem
1102 1644 1254 1734 sculptu-

146 1761 226 1826 rae,
252 1744 390 1817 inlecto
406 1751 560 1820 inventus
577 1764 642 1833 est3
668 1765 703 1821 et
723 1753 835 1844 figura
852 1771 1016 1835 ancorae,
1043 1770 1134 1837 quae
1154 1748 1190 1815 in
1203 1746 1255 1813 fe-

96 1854 120 1918 6
147 1864 246 1915 more
273 1850 412 1923 Seleuci
430 1866 510 1923 nata
533 1878 612 1925 cum
633 1857 709 1948 ipsu
730 1856 875 1948 parvulo
896 1853 970 1921 fuit.
1022 1852 1257 1936 Quamobrem

146 1945 304 2022 Laudice
326 1957 486 2026 annulum
501 1959 669 2045 Seleuco,
695 1962 787 2029 eunti
808 1982 888 2029 cum
909 1954 1108 2025 Alexandra
1124 1954 1257 2043 Magno

98 2064 122 2126 7
150 2052 195 2119 ud
212 2055 384 2127 Persicam
401 2062 573 2147 militiam,
600 2064 726 2133 edocto
740 2074 776 2131 et
789 2064 921 2155 origine
933 2083 1012 2141 sua,
1039 2057 1150 2129 dedit.
1189 2053 1261 2125 Ubi

150 2168 236 2246 post
248 2173 394 2231 mortem
406 2166 611 2252 Alexandri,
637 2176 807 2258 occupato
822 2186 931 2258 regno
944 2162 1111 2245 Orientis,
1138 2160 1261 2229 urbem

152 2263 325 2351 condidit,
350 2269 468 2358 ibique
482 2274 641 2364 geminae
660 2272 800 2363 originis
820 2269 1018 2339 memoriam
1040 2262 1261 2336 consecravit.

102 2379 125 2443 8
152 2367 242 2438 Num
261 2381 295 2439 et
307 2373 427 2441 urbem
442 2399 484 2444 er
501 2377 664 2445 Antiochi
686 2378 791 2467 patris
807 2375 941 2441 nomine
958 2368 1180 2439 Antiochiam
1197 2388 1263 2433 vo-

104 2486 127 2551 9
151 2475 262 2566 cavit,
289 2488 322 2545 et
340 2500 482 2572 campus
504 2482 630 2553 viciuos
651 2482 727 2551 urbi
747 2477 902 2571 Apollini
922 2474 1059 2548 dicavit.
1112 2469 1264 2563 Originis

177 2710 202 2779 §-
221 2711 263 2768 16.
285 2714 405 2786 palmam
418 2718 532 2769 virtutis
547 2718 619 2769 inter
633 2728 738 2769 eeteros
749 2715 823 2768 tulit.
858 2715 886 2764 S·
900 2709 929 2765 d.
941 2710 1115 2766 Aemathzu
1128 2704 1265 2772 XILQB·

178 2799 245 2851 Cur.
263 2801 310 2869 Ν.
337 2801 359 2868 5.
376 2796 404 2853 ‘i-
424 2806 623 2871 grauidamque
639 2804 748 2869 factum
768 2830 803 2841 -·-
825 2804 961 2872 iussaque.
1001 2796 1069 2848 Eine
1090 2792 1266 2848 tonderbue

107 2885 307 2962 Verbindungr
336 2889 408 2941 Mau
433 2889 516 2941 sollte
549 2888 692 2941 entweder
712 2890 893 2961 gravidaque
908 2886 1016 2959 factu,
1045 2881 1116 2934 oder
1139 2880 1268 2934 nuchhar

108 2978 282 3047 iussamque
299 2984 445 3029 erwarten.
482 2977 537 3027 Der
555 2982 620 3028 Ace.
638 2993 664 3027 c.
681 2974 734 3026 lni.
754 2972 791 3025 iat
808 2973 982 3033 entatunden,
1000 2968 1126 3023 desudet·
1143 2967 1268 3022 Schrift-

110 3052 207 3115 tteller
224 3062 289 3115 dem
306 3060 390 3114 sione
408 3061 481 3114 nach
499 3062 678 3128 construirte,
695 3062 754 3114 und
771 3062 894 3131 weniger
912 3057 962 3111 aul
973 3055 1021 3109 dua
1033 3056 1269 3129 vorhergehondu

110 3156 173 3206 uiae
188 3153 243 3206 siti
264 3166 305 3206 eat
322 3150 475 3203 Rticksicht
492 3150 587 3204 nulum.
629 3148 709 3203 Auch
733 3150 785 3200 wir
807 3148 912 3218 fangen
930 3144 1020 3197 ostiu
1036 3143 1155 3197 eolchen
1171 3144 1270 3198 Fiillen

111 3237 293 3309 durgleiehen
309 3243 389 3291 Siitue
405 3238 459 3291 mit
475 3239 568 3291 einem
586 3242 651 3293 dona
668 3254 721 3300 ους
739 3252 770 3288 σο
789 3236 850 3287 dura
868 3251 920 3286 nna
937 3232 1028 3285 dierer
1041 3232 1191 3285 Aceueutiv
1203 3232 1271 3285 weit

112 3325 237 3396 weniger
252 3326 376 3392 auiliillt,
402 3326 443 3379 ula
466 3326 517 3379 der
533 3325 669 3397 folgendo
686 3323 845 3375 Nominativ
863 3327 956 3386 iuaao,
980 3320 1032 3373 der
1048 3320 1110 3373 sich
1126 3337 1186 3373 nun
1203 3318 1270 3371 wie·

114 3412 165 3465 der
181 3424 224 3473 un}
238 3418 300 3467 viae
318 3430 360 3469 oet
385 3413 556 3470 unachlieaot.
606 3418 661 3467 Cic.
686 3416 763 3467 Tuae.
780 3413 818 3478 V,
837 3412 867 3465 82
895 3413 968 3463 Mitt
986 3428 1042 3462 non
1067 3406 1270 3460 videbatur

116 3501 309 3573 quitquam
326 3522 384 3557 ease
399 3505 494 3557 beatur
506 3521 602 3574 ponae,
619 3520 700 3572 quum
713 3504 743 3553 in
755 3502 836 3553 mulia
849 3513 935 3556 earm
955 3499 985 3550 in
1002 3496 1083 3549 molta
1104 3510 1198 3547 autem
1217 3507 1270 3551 tiu·

115 3589 279 3660 pientem
304 3608 362 3642 esre
383 3610 473 3661 posae-
523 3594 633 3642 Sueton.
655 3589 718 3640 Otlr.
737 3608 760 3640 e.
777 3588 810 3640 7:
841 3580 1271 3649 Dicitur-pavefactus

116 3682 233 3751 gemitua
252 3679 384 3731 maximoe
403 3673 568 3727 edidiue
590 3704 625 3715 -
648 3677 782 3747 postridie
804 3691 909 3745 quoque
930 3698 966 3709 --
991 3671 1115 3740 grauiter
1142 3666 1271 3737 prola-

117 3782 218 3835 psum
235 3769 330 3819 itidem
345 3765 566 3817 obmurmuroaae.
606 3760 713 3812 libenao
730 3759 772 3811 im
788 3756 995 3811 Grieebischen.
1031 3757 1163 3809 Parthen.
1181 3774 1204 3807 e.
1219 3755 1271 3809 312

118 3850 224 3922 λέγεται
238 3852 425 3920 Aureolum
442 3844 622 3920 ἁρμόσασθαι
638 3843 689 3914 μὲν
708 3844 841 3910 Edam,
865 3839 1145 3910 αἰσθανόμενος
1160 3837 1194 3895 dl
1208 3856 1273 3897 m·

121 3942 210 3993 οῦσαο
227 3938 317 4012 αὐτὴν
333 3937 462 4012 τάδελφῷ
480 3937 612 4005 δηλῶσαι.
652 3935 782 4003 Apollon.
807 3932 871 3985 bist.
889 3931 953 3987 mir.
971 3948 995 3983 e
1010 3930 1046 3985 5:
1069 3928 1222 3999 ἱστορεῖται
1237 3956 1272 3969 -

121 4024 225 4082 τούτου
249 4024 419 4100 συμβάντος,
443 4022 564 4095 μεγάλην
582 4019 669 4087 δόξαν
689 4016 801 4076 adeda
823 4016 1114 4087 ἀπενέγκασθαι·
1136 4013 1225 4071 πάλιν
1241 4010 1273 4069 dl

123 4114 164 4177 εἰς
181 4110 281 4184 Σάμον
292 4110 546 4182 πορευόμενος
563 4111 603 4172 οἱς
619 4106 652 4165 to*
668 4110 719 4179 τῆς
729 4104 818 4175 Ἥρας
833 4104 927 4173 lapda,
945 4106 1018 4160 idaia
1031 4106 1148 4167 ortator,
1166 4101 1273 4155 welche

122 4200 227 4254 uranon
245 4191 353 4276 'ltriiger
373 4201 446 4255 iiber
467 4198 513 4254 dio
529 4197 685 4253 Attruction
710 4217 739 4270 p.
757 4196 811 4253 tau
827 4191 957 4261 unliilrrt,
973 4190 1097 4245 welcbtr
1113 4188 1274 4259 tiberhaupt

120 4306 156 4345 ru
172 4288 351 4361 vargleielren
367 4287 411 4342 iat.
