2692 4718
320 308 622 413 merosum.
643 343 771 413 xxxv.
792 343 890 417 ors.
911 348 944 414 s.
1150 342 1214 416 tos

53 504 207 593 tulisset,
229 508 393 599 peteme
406 501 528 573 ultioni
546 510 766 574 servarentur.
815 502 873 573 Ex
892 499 947 573 luis
963 500 1072 572 molor
1087 500 1163 574 lle
1188 512 1211 576 2
1251 526 1257 537 “

57 608 219 695 metrias,
244 630 349 679 anuos
364 606 551 700 pubertatis
572 628 744 700 egressus,
768 606 886 675 audita
903 607 1089 677 Alexandri
1107 608 1162 675 lu-

58 714 174 802 suns,
197 728 301 805 quem
323 712 514 804 insperatae
538 732 641 803 opes,
666 720 702 780 et
721 709 853 779 alienae
874 710 1042 781 felicitatis
1061 731 1164 778 orna·

60 826 196 903 menta,
220 816 314 889 velut
329 824 486 909 captum,
510 812 598 883 inter
619 822 807 885 scortorum
822 835 947 907 greges
962 803 1116 882 desidem
1129 810 1182 885 ln:

58 919 160 1013 regia
172 919 350 1005 tenebant,
374 918 607 987 auxiliantibus
622 916 854 1005 Cretensibus,
877 941 1033 988 securum
1055 937 1096 986 ac
1113 918 1167 985 uie

58 1024 119 1093 lul
133 1022 260 1094 hostile
274 1032 481 1093 metuentem
494 1021 703 1116 aggreditur.
753 1020 998 1092 Antiochenses
1016 1043 1166 1112 quoqne,
1193 1030 1215 1093 8

13 1174 16 1179 -
60 1136 215 1199 retorem
237 1126 343 1221 petris
370 1126 537 1197 offensam
560 1125 655 1197 noris
681 1124 807 1195 meritis
840 1124 1044 1212 correcturi,
1076 1148 1113 1193 se
1136 1125 1168 1193 ei

61 1230 221 1303 tradunt:
252 1228 314 1301 sed
339 1240 374 1300 et
391 1230 514 1301 milites
535 1230 691 1323 patenti,
724 1229 843 1298 lavore
871 1231 1000 1302 iuvenis
1022 1228 1167 1315 accensi,

12 1414 15 1419 ¹
61 1335 190 1431 prioris
202 1336 402 1407 monumenti
414 1333 619 1427 religionem
630 1326 711 1403 novi
723 1328 814 1426 regis
828 1333 1009 1426 superbiae
1029 1333 1169 1423 praefe-

62 1446 189 1527 rentes,
206 1440 305 1533 aigun
317 1438 363 1509 ad
376 1438 588 1509 Demetrium
600 1438 820 1508 transferunt:
845 1447 947 1529 atque
959 1435 1007 1505 ita
1020 1436 1170 1506 Alexan-
1195 1445 1219 1510 4

66 1530 134 1615 der
154 1564 224 1613 uon
244 1542 366 1615 minori
384 1543 516 1635 impetu
535 1544 692 1613 fortunae
706 1541 911 1628 destructus,
936 1562 1040 1631 quam
1052 1539 1170 1627 elatus,

64 1648 182 1743 primo
194 1646 330 1743 proelio
343 1646 451 1718 victos
470 1646 686 1727 interficitur3
711 1645 875 1736 deditque
895 1666 1024 1737 poenas
1043 1651 1077 1714 et
1096 1642 1171 1713 De·-
1257 1712 1260 1717 .

64 1750 207 1842 mettio,
230 1772 336 1843 quem
350 1750 541 1839 occiderat,
566 1757 602 1821 et
613 1742 801 1838 Antiocho,
826 1748 920 1820 edus
932 1746 1087 1822 mentitus
1101 1746 1172 1815 ori·

65 1856 186 1953 gum
201 1854 323 1925 neae

64 2058 117 2115 dus
132 2056 265 2115 dmm
279 2052 321 2108 nd
338 2056 471 2127 turpium
485 2054 516 2106 in
530 2052 670 2107 Aetoliam
682 2047 881 2107 mandavit.
915 2056 943 2107 8.
963 2052 1095 2108 Munckcr
1109 2064 1145 2133 ltu
1163 2044 1221 2122 Hy·
1319 2112 1321 2117 A

63 2146 128 2219 gn.
140 2142 195 2205 ne
204 2162 244 2201 ee
259 2139 320 2195 mu
338 2145 459 2198 ceno.
478 2140 632 2197 oseem.
644 2134 697 2205 111.
713 2140 758 2197 aa.
