2692 4718
101 266 165 329 ers
561 210 831 321 rusurnr

102 428 124 488 2
151 438 213 485 nos
230 436 317 508 opus
335 412 536 508 Scipionum
554 413 665 483 met?
701 413 844 485 Greutnr
859 415 964 508 igitur
983 414 1105 487 consul
1125 416 1253 491 hon

43 583 47 591 ,
150 520 287 611 Scipio;
302 520 411 610 'eique
441 519 541 589 duur
560 518 695 611 legatus
716 519 822 588 Irater
841 520 1041 605 Ainoonus,
1064 518 1104 590 ut
1126 521 1254 591 intoIIi·

147 630 254 717 'geret'
264 622 469 709 Antiochus,
494 645 565 692 non
583 621 748 691 maiorem
764 622 926 693 fiduciam
946 647 984 693 se
1001 623 1036 701 in
1056 623 1253 713 Hunnibdo

99 737 120 798 3
148 728 257 814 victo,
276 750 386 816 ,quam
399 728 575 799 Romanos
594 726 629 794 in
643 725 772 795 victore
784 725 945 816 Scipione
957 726 1097 799 habero.
1138 728 1255 799 Trait

147 830 310 900 aientibus
331 831 366 898 in
388 832 503 901 Asiam
524 829 740 920 Scipionibus
768 830 960 926 exercituin¹
973 831 1043 899 ianr
1067 832 1253 923 utrubique

144 935 366 1026 profligatum
383 934 512 1003 bellum
527 933 713 1015 nuntiatum
734 940 800 1012 est3
825 934 1021 1023 victumque
1037 934 1253 1007 Antiochum

95 1046 118 1111 4
145 1038 309 1127 terrestri,
342 1038 572 1107 Hannibalem
600 1036 714 1105 navali
742 1037 836 1106 beIIo
866 1037 1073 1107 invenerunt.
1133 1040 1252 1109 Primo

143 1142 248 1232 igitur
264 1141 411 1210 adventu
428 1164 548 1211 eorum
564 1141 698 1233 legatos
717 1161 841 1232 pacem
858 1151 1012 1231 petentes
1033 1139 1079 1211 ud
1093 1165 1158 1213 eos
1177 1144 1251 1213 An-

144 1243 280 1314 tiochus
300 1244 416 1330 mittit,
442 1246 616 1335 peculiare
639 1244 769 1313 donum
791 1245 952 1316 Africano
980 1246 1128 1315 ferentes
1149 1246 1265 1339 ipsiu

94 1354 115 1421 5
143 1348 274 1432 tilium,
299 1370 403 1438 quem
417 1371 477 1418 rer
490 1369 598 1439 parvo
613 1347 749 1439 nauigio
763 1349 982 1421 traiicientem
994 1358 1148 1439 ceperat.
1163 1348 1166 1353 ’
1179 1350 1249 1423 Seu

33 1536 36 1541 Ι
141 1451 343 1537 Africanus,
372 1452 522 1545 privata
550 1448 724 1544 beneficia
756 1473 781 1519 a
805 1450 912 1520 rebus
935 1450 1092 1544 publicis
1108 1460 1248 1535 ecardo

142 1577 235 1640 esse,
262 1555 361 1636 ninia
387 1556 532 1647 aliaque
550 1576 626 1624 esse
635 1554 758 1648 patris
772 1553 916 1650 officia,
943 1555 1020 1624 alia
1028 1557 1184 1648 patriae
1195 1557 1247 1627 iu-
1281 1557 1283 1565 '

142 1679 205 1743 ra,
232 1680 326 1751 qaae
349 1681 419 1727 noa
441 1657 563 1729 tiberis
588 1665 744 1745 tantum,
769 1660 893 1727 vnum
922 1660 1031 1729 etiam
1056 1659 1159 1729 vitae
1182 1659 1246 1753 ὅρι’

93 1772 115 1834 6
139 1771 423 1854 praeponantur.
483 1760 643 1831 Proinde
673 1768 825 1854 patum
849 1784 902 1837 oe.
917 1784 1043 1839 manus
1070 1764 1245 1856 accipere,

38 1915 41 1920 -
136 1866 353 1958 privataque
372 1865 552 1956 impendio
570 1864 832 1959 munificentiae
856 1866 959 1957 regis
984 1887 1243 1958 responsum.

149 1967 257 2063 Quod
280 1970 333 2037 ad
354 1967 484 2038 bettona
504 1976 703 2061 pacemque
725 1970 922 2060 pertineat,
948 1969 1037 2037 nituit
1065 1992 1182 2062 nequo
1202 1971 1244 2039 de

92 2082 114 2144 7
144 2073 222 2141 iare
237 2073 387 2165 patriae
408 2072 530 2141 decidi
552 2093 677 2165 passe,
701 2072 888 2162 respondit.
948 2073 1038 2140 Nam
1065 2096 1179 2164 neque
1203 2073 1243 2143 do

141 2175 342 2244 redimendo
361 2177 434 2244 tilio
466 2199 628 2265 umquam
657 2175 829 2259 tractavit,
864 2197 928 2243 nec
958 2170 1111 2245 senatum
1134 2178 1181 2247 de
1203 2196 1241 2247 et

142 2301 248 2371 egere
262 2280 427 2370 permisit3
453 2279 531 2364 sed,
548 2288 585 2347 nt
600 2279 742 2370 dignum
756 2278 928 2348 maiestate
944 2279 1015 2347 eius
1029 2289 1120 2364 erat,
1135 2281 1241 2349 armis
1277 2304 1281 2315 ·

89 2392 111 2453 8
140 2404 180 2451 se
194 2391 422 2476 receptarum
431 2382 713 2479 fitiamdixeraa
767 2380 849 2451 Post
867 2380 955 2451 boec
971 2383 1067 2473 leges
1082 2387 1180 2473 pacis
1191 2384 1247 2459 di·.

140 2497 278 2556 cuntur:
302 2494 342 2555 ut
354 2488 447 2556 Asia
462 2487 638 2557 Romanis
655 2485 814 2555 cederet:
839 2493 1020 2554 contentus
1035 2485 1171 2576 Syriae
1185 2508 1241 2561 rs-

137 2612 216 2683 grto
230 2598 338 2659 esset:
363 2613 474 2660 naves
486 2593 688 2677 universas,
714 2590 874 2682 captivos
889 2596 924 2658 et
939 2589 1153 2683 transfugas
1167 2599 1241 2660 tra·

137 2701 251 2772 teret3
275 2702 521 2788 sumptumque
557 2716 695 2763 omnen
723 2693 806 2763 betti
828 2693 1003 2775 Romanis
1033 2695 1241 2767 restituerer.

88 2808 110 2870 9
138 2798 239 2883 Quae
254 2821 358 2890 quum
374 2800 523 2867 nuntiata
536 2797 711 2871 Antiocho
732 2807 853 2884 essent,
873 2796 1030 2875 nondam
1043 2799 1096 2867 ita
1112 2799 1241 2869 victum

138 2924 179 2972 se
195 2924 271 2971 csse
286 2902 479 2995 respondit,
505 2910 545 2971 ut
560 2902 712 2994 spatiari
724 2886 768 2971 se'
780 2924 896 2995 regno
905 2909 1115 2995 pateretar3
1141 2902 1242 2974 betti-

139 3029 209 3099 que
226 3029 271 3075 ea
287 3008 529 3093 irritamenta,
551 3028 620 3075 noa
640 3007 744 3098 pacis
759 3005 1005 3076 blandimenta
1029 3022 1114 3076 esse.

90 3137 108 3199 1
191 3127 280 3199 Ceu.
305 3129 399 3200 VIII.
449 3129 559 3221 Igitur
582 3151 687 3218 quum
705 3131 758 3198 „ab
779 3127 928 3216 utrisque
950 3127 1082 3196 bellum
1102 3150 1243 3220 parare·

139 3240 212 3316 tur,
227 3233 435 3325 ingressique
448 3233 563 3301 Asiain
573 3234 720 3313 Romani
732 3233 820 3300 Ilion
833 3231 1014 3317 venissent,
1032 3240 1150 3318 mutua
1161 3256 1241 3325 gre·

135 3336 262 3403 'tulatio
284 3337 453 3405 Iliensium
471 3359 512 3406 uc
525 3338 758 3405 Romanorum
777 3326 858 3402 tuit:
882 3334 1056 3402 Iliensibus
1076 3335 1240 3423 deneuvre,

138 3447 341 3530 ceterosque
361 3463 440 3508 cum
458 3462 498 3508 eo
515 3441 624 3509 daces
637 3464 662 3509 a
675 3429 923 3532 seprosectos'5
947 3438 1127 3524 Romanis,
1142 3463 1182 3510 se
1196 3438 1256 3511 ab·

18 3532 24 3539 ’
89 3540 195 3613 aaa
208 3552 437 3634 procreatos,
463 3543 695 3613 referentibus.
747 3544 926 3629 Tantaque
944 3541 1072 3610 laetitia
1090 3545 1241 3612 omnium

136 3646 220 3730 fuit,
247 3654 372 3734 quanta
391 3669 463 3714 esse
478 3655 557 3736 post
575 3648 718 3739 longum
734 3655 867 3735 tempus
880 3644 967 3735 inter
980 3654 1138 3734 parentes
1153 3656 1187 3715 et
1200 3647 1240 3717 ti·

3 3832 9 3843 ·
89 3757 109 3817 3
137 3750 239 3816 beros
259 3749 356 3817 solet.
412 3750 555 3818 Iuvabat
582 3751 736 3835 Ilienses,
761 3757 904 3839 nepotes
926 3769 1024 3833 snos,
1052 3747 1249 3820 Occidente·

138 3860 173 3923 ct
196 3852 315 3923 Africa
340 3851 488 3946 domita,
522 3854 639 3930 Asiam
665 3863 702 3924 ut
730 3846 856 3928 avitum
880 3873 1026 3944 regnum
1056 3852 1253 3941 vindicare·

157 4086 219 4139 Cau.
234 4087 292 4140 VII.
313 4087 333 4155 i.
350 4089 378 4150 3,
397 4090 580 4162 profligatum
592 4089 699 4148 bellum.
734 4091 761 4146 S.
778 4086 824 4140 die
841 4090 970 4142 Anmerk.
988 4104 1023 4140 uu
1038 4087 1134 4152 XXII,
1151 4089 1180 4156 8,
1198 4087 1222 4143 1.

155 4187 218 4249 cna,
235 4187 313 4240 vm.
337 4190 360 4256 §-
380 4190 404 4243 1.
429 4191 464 4244 ab
480 4195 611 4262 utrisque.
647 4189 741 4244 Ueber
757 4190 812 4245 deu
828 4190 947 4247 Plurulis
964 4186 1152 4264 vanumque
1165 4190 1239 4245 siche

85 4269 132 4325 dits
148 4275 278 4332 Anmerk.
295 4290 330 4330 uu
347 4281 374 4342 1,
391 4280 424 4342 9,
442 4278 493 4347 1⁷3
511 4277 568 4347 lx,
586 4276 620 4344 7,
637 4277 664 4334 8.
