2692 4718
113 252 222 352 ¹sss
593 282 871 347 ross1n1

208 440 330 531 quibus
342 436 523 538 Gallorum
544 439 759 529 violentiam,
784 440 887 510 Asine
905 440 1096 533 Italiaeque
1113 440 1308 533 terribilem,

182 550 185 557 '
207 544 380 635 Delphico
393 545 489 614 bello
501 538 684 637 fregerant.
737 542 836 627 Quos
852 544 1004 637 glorioso
1024 546 1230 615 recordatio
1245 570 1310 617 mr·

157 659 179 722 4
208 650 262 740 gis
284 647 490 717 desiderium
512 648 675 716 libertatis
701 647 860 739 augebat.
920 646 1013 718 Dum
1036 648 1130 719 haec
1159 660 1319 743 aguntur„

207 752 321 819 nrcdio
337 762 493 842 ternpore
513 752 600 819 inter
613 750 799 819 Messenios
820 759 854 820 et
868 750 1028 822 Achaeos
1050 751 1098 823 de
1120 752 1310 847 principun

157 867 177 928 5
206 857 318 947 primo
341 854 520 944 dissensio,
545 876 627 922 mox
653 854 781 923 bellum
805 848 917 924 ortum
941 863 1021 926 est.-
1058 854 1102 924 ln
1123 878 1175 925 eo
1198 858 1310 927 nobilis

162 965 172 985 ’
206 956 426 1037 Achaeorum
436 959 621 1051 imperator
634 956 886 1049 Philopoemen
901 960 1049 1051 capitur:
1065 979 1140 1029 uon
1155 952 1243 1051 qnia
1254 984 1312 1055 pr-

206 1061 345 1154 gunndo
359 1061 447 1129 vitae
462 1062 673 1152 pepercerit,
699 1062 761 1130 scd
780 1061 862 1130 dum
879 1076 956 1132 suos
970 1062 1202 1154 inproaliunr
1223 1058 1329 1143 reri.

206 1175 279 1250 cat,
305 1167 340 1231 in
360 1165 497 1234 transitu
518 1166 629 1234 fossae
649 1187 739 1254 equo
764 1166 1024 1257 praecipitatus,
1049 1189 1072 1234 n
1097 1167 1313 1249 multitudino

106 1264 111 1274 ’
157 1281 177 1342 6
205 1268 354 1336 hostium
380 1290 560 1359 oppressus
583 1277 643 1337 est.
710 1268 824 1353 Quem
850 1270 1017 1339 lucentem
1046 1266 1240 1360 Messenii,
1264 1292 1313 1343 stu

205 1381 300 1440 metu
311 1373 455 1460 virtutis,
481 1373 538 1441 vel
553 1371 756 1442 verecundis
771 1373 943 1464 dignitatis
953 1373 1149 1443 interficere
1164 1376 1242 1445 ansi
1254 1398 1313 1445 nou

155 1488 177 1550 7
205 1458 349 1545 fuerunt.
401 1476 521 1566 Itaque
539 1477 622 1544 loeti
635 1478 727 1543 velut
741 1477 776 1544 in
792 1476 854 1543 illo
875 1499 977 1546 omne
994 1476 1128 1547 bellum
1146 1478 1313 1563 confotis-

206 1589 297 1666 sent,
323 1581 493 1671 oaptivum
517 1604 581 1671 per
606 1578 793 1649 universam
817 1581 1002 1667 civitatem,
1027 1580 1062 1655 in
1085 1582 1241 1669 modurn
1260 1584 1313 1651 tri·

187 1683 346 1773 ,umphi,
373 1684 685 1768 circumduxerunt,
717 1684 827 1753 effuso
858 1684 995 1753 obviam
1023 1685 1185 1778 populo,
1222 1708 1313 1757 acu

156 1797 178 1859 8
206 1795 298 1893 suus'³
316 1808 392 1877 ‘uon
412 1786 560 1856 hostium
581 1788 768 1879 imperator
789 1788 994 1885 adventaret.
1050 1789 1128 1860 Nec
1150 1790 1313 1860 victorem

62 2016 65 2021 '
154 2023 202 2091 15,
221 2025 252 2088 2³
272 2022 331 2088 Χῖ,
349 2023 382 2090 9,
400 2022 434 2086 23
453 2026 521 2088 xn,
539 2023 570 2089 5,
591 2023 639 2086 113
658 2025 776 2090 x11,6,
797 2022 955 2091 turtur,
971 2024 999 2086 o,
1015 2022 1043 2078 ³.
1076 2022 1178 2079 nunc
1193 2020 1312 2079 manet

111 2160 114 2165 ,
154 2111 206 2161 der
223 2106 359 2163 Indicali'v
375 2108 456 2160 nicht
472 2108 667 2177 verweptlich,
690 2110 750 2162 und
771 2127 808 2163 sn
826 2126 942 2163 umerer
956 2108 1043 2162 Stelle
1059 2126 1110 2163 um
1126 2128 1163 2165 so
1181 2111 1311 2183 weniger,

153 2198 189 2248 da
199 2235 208 2262 ,
224 2212 280 2248 wer
299 2195 343 2247 die
361 2195 569 2266 Heruusgeber,
592 2195 706 2249 welche
718 2195 764 2249 die
784 2197 1020 2268 anigencmrnene
1035 2198 1134 2251 neret
1152 2196 1310 2251 remorsus
1340 2226 1342 2231 ·

151 2281 358 2350 heben,.nicht
375 2282 509 2335 berchtet
524 2281 633 2350 huben,
656 2282 705 2335 das
728 2282 828 2348 Obiect
845 2299 967 2356 temporo
985 2284 1037 2337 illa
1059 2281 1256 2356 hiuaugefiigt
1270 2284 1308 2348 itt.

152 2370 273 2422 welches
299 2369 389 2421 durch
412 2368 457 2421 die
482 2368 636 2440 folgenden
659 2371 740 2423 Siitze
764 2387 821 2422 von
844 2369 911 2421 dem
932 2354 1136 2422 Schrifloteller
1153 2358 1252 2445 niher
1265 2370 1309 2425 lte·

152 2457 262 2510 stinrmt
279 2457 359 2511 wird.
395 2458 465 2510 Sall.
480 2461 542 2527 lag.
555 2453 582 2524 4,
601 2454 632 2511 4:
652 2461 705 2526 Qui
720 2459 748 2512 si
762 2454 1047 2527 reputaverint,
1064 2455 1168 2530 quibus
1179 2472 1307 2530 egnum·

147 2546 263 2617 poribus
281 2547 461 2615 magistratus
478 2542 635 2612 adeptus
652 2560 741 2596 sum.
1224 2587 1227 2592 .

95 2624 105 2647 ²
222 2632 244 2698 ᾗ.
263 2633 289 2684 6.
306 2632 351 2682 oet
363 2631 535 2695 verecundia.
571 2633 607 2681 80
624 2629 701 2683 lesen
718 2629 774 2683 alle
791 2629 847 2682 alte
865 2628 1022 2698 Ausgaben,
1038 2626 1132 2681 moitis
1145 2626 1307 2685 dionem

152 2716 347 2787 Hercusgeber
368 2714 442 2767 nach
464 2714 515 2766 der
536 2715 586 2770 Ed.
604 2720 676 2770 lunt.
693 2715 752 2768 und
771 2715 881 2786 einiger
900 2712 1137 2782 Handsohrilten,
1157 2715 1226 2771 dem
1243 2734 1305 2771 vot-

151 2802 351 2876 hergeheuden
368 2822 416 2856 seu
432 2799 734 2855 iibereinstimmender
749 2817 814 2853 seu
830 2805 992 2855 verecundia
1007 2800 1195 2872 geschriehen
1207 2802 1303 2858 habron

151 2892 244 2945 Alleia
261 2890 340 2943 nicht
355 2887 459 2941 immet
474 2887 545 2940 wird
563 2887 607 2941 die
624 2887 835 2960 gleichrniitsige
849 2886 976 2958 Stellung
992 2886 1083 2940 dieser
1094 2886 1241 2943 Puru'keln
1254 2906 1302 2945 rou

90 3014 93 3019 -
152 2979 207 3031 deu
225 2978 301 3030 alten
318 2973 540 3028 Schriltstellern
557 2974 736 3061 heobachpet.
756 2981 848 3050 loces.
866 2981 899 3028 B.
919 2979 953 3027 G.
968 2975 1001 3042 Ι,
1018 2975 1071 3030 23ε
1094 2977 1164 3028 Seu
1180 2980 1255 3051 quod
1271 2981 1302 3035 α*-

152 3086 227 3121 more
239 3068 403 3137 perterritos
420 3065 558 3117 discedere
574 3065 762 3117 existimarent
778 3085 814 3100 -
830 3059 905 3112 sive
922 3063 996 3134 quod
1011 3080 1043 3116 re
1052 3061 1247 3135 frumentaria
1263 3069 1301 3121 in·

152 3154 269 3207 tercludt'
281 3171 363 3225 posse
380 3152 556 3219 confiderent.
597 3150 666 3202 Sall.
681 3153 740 3202 cat.
757 3148 808 3203 81:
825 3144 906 3199 sive
921 3151 1105 3219 praesentiam
1121 3153 1182 3205 elue
1198 3156 1299 3220 timent,

152 3255 214 3291 seu
232 3243 276 3292 ira
296 3253 451 3293 commotus.
501 3240 579 3308 Virg.
595 3242 666 3291 Aen.
682 3233 756 3298 XII,
774 3234 842 3289 685:
865 3248 926 3286 reu
943 3236 1067 3290 turbidus
1087 3238 1173 3293 imber
1191 3242 1299 3313 proluit,

152 3334 215 3379 ant
231 3329 312 3379 annis
328 3326 412 3378 soluit
427 3324 556 3395 sublapsa
574 3337 705 3376 vetustas.
748 3323 921 3374 Tacit-Hist.
935 3321 973 3386 V,
990 3321 1024 3377 72
1049 3320 1129 3376 sir'e
1145 3326 1246 3381 herbae
1260 3340 1320 3391 tr,

151 3432 219 3467 nues
236 3419 297 3463 eut
307 3414 403 3482 flores.
437 3408 578 3461 Mehreres
594 3407 691 3460 lielert
712 3408 851 3463 Drakenb.
869 3423 904 3459 tu
920 3411 984 3462 Dio.
1000 3408 1044 3478 X,
1061 3408 1111 3478 14,
1128 3412 1156 3467 9.
1196 3411 1297 3466 Rheno

151 3478 296 3552 wechsehi
309 3497 354 3549 die
371 3494 514 3549 Partikslu
531 3516 580 3550 seu
596 3523 628 3535 -
638 3497 697 3550 sive
712 3520 746 3536 -
757 3495 819 3557 oel,·
836 3492 888 3546 wie
905 3493 951 3547 hei
971 3499 1067 3568 Veget.
1085 3499 1120 3553 de
1135 3519 1168 3565 re
1184 3502 1242 3555 mil.
1255 3500 1297 3565 1v,

151 3585 184 3637 1:
207 3585 265 3638 loco
285 3584 448 3656 circumfusa
469 3581 635 3640 meritive
655 3581 803 3654 paludibus
826 3577 885 3631 vel
895 3582 1067 3650 fluminibus·
1114 3584 1192 3641 Flor.
1207 3584 1296 3653 lm,

151 3670 201 3724 792
218 3668 295 3722 sire
310 3686 434 3742 respectu
442 3670 618 3742 fragilitatis
628 3671 774 3734 humanae,
790 3668 868 3720 sive
885 3670 998 3722 nimiam
1008 3687 1202 3742 prosperorum
1212 3692 1296 3746 surpt-

151 3770 224 3810 ctam
242 3757 345 3810 habens
361 3760 606 3822 continuationem,
622 3752 681 3807 vel
698 3757 793 3809 eadem
805 3756 912 3822 timens,
929 3770 973 3806 wo
988 3757 1087 3809 Duker
1101 3756 1295 3813 nachorem.

146 3834 226 3903 'lber
244 3840 317 3894 auch
333 3839 381 3893 bei
400 3846 490 3898 Tacit.
504 3845 583 3898 Diol·
599 3848 630 3901 5²
655 3860 706 3914 quo
717 3859 894 3913 propugnare
906 3843 1015 3912 pariter
1033 3854 1061 3894 et
1078 3843 1233 3914 incessere,
1244 3840 1296 3897 rol

150 3931 181 3983 in
198 3931 317 3994 iudicio,
334 3927 411 3982 sive
428 3932 459 3984 in
471 3944 585 3996 senatu,
602 3926 677 3980 sive
694 3929 770 3999 apud
777 3930 932 3998 principem
947 3929 1054 3998 possis,
1062 3940 1106 3979 wo
1123 3932 1215 3987 Mutet
1231 3928 1296 3984 chus

149 4014 227 4067 Noth
243 4019 302 4069 sive
319 4007 387 4068 stett
402 4018 449 4070 uel
463 4015 610 4068 schreiben
634 4013 739 4069 wollte.
786 4013 816 4069 S.
840 4012 990 4066 besonderr
1011 4016 1175 4090 Oudendorp
1191 4032 1227 4071 ru
1241 4022 1296 4090 Ap-
1340 4038 1342 4053 ¹

145 4105 233 4176 pulei·
250 4107 318 4155 Met.
333 4103 374 4167 V,
388 4123 419 4175 p.
433 4104 503 4159 ³73.-
526 4103 601 4157 sire
619 4104 669 4157 illa
690 4105 725 4156 de
742 4103 930 4174 Nympharum
948 4103 1065 4174 populo,
1080 4117 1143 4156 ten
1159 4106 1196 4158 do
1208 4108 1295 4159 Hora-
1318 4106 1322 4119 '

149 4210 209 4244 rum
223 4209 348 4257 numero,
365 4205 430 4244 seu
447 4193 481 4246 de
500 4195 643 4247 Moerum
659 4191 758 4256 odoro,
774 4187 833 4243 vel
849 4191 884 4245 de
905 4207 1024 4244 mearum
1044 4192 1207 4246 Gratiarum
1223 4188 1296 4247 mini·
1320 4238 1324 4247 .

149 4290 242 4331 sterio.

1338 3994 1342 4027 l
