2692 4718
125 316 201 383 soo
448 323 452 331 ·
508 268 956 374 rnunouruis'uou.
1013 246 1040 333 ‘-
1133 266 1179 317 ³

60 474 64 481 ’
137 470 229 543 leuci
252 470 361 540 illium
390 467 427 538 ln
459 468 541 539 Asia
573 456 793 560 gestururest.
853 466 1011 554 Bellum,
1043 467 1140 557 quod
1171 469 1294 541 Ptolo·-

46 618 52 643 r
137 598 253 646 masas
279 573 452 643 Ceraunus
477 574 512 641 in
528 572 736 651 Macedonia
761 595 840 643 cum
856 571 994 662 Mytillo
1015 573 1136 663 Illyrio
1155 582 1192 643 et
1204 574 1293 645 Pru

127 670 270 748 lemaeo
295 677 492 768 Lysimachi
527 677 601 743 filio
633 675 772 759 hahuit3
806 686 912 765 utque
938 677 1108 746 Arsinoen
1139 664 1296 747 sororem

66 782 71 808 ‘
138 807 232 853 suam
264 781 410 872 imperio
445 778 749 849 Macedonicarum
779 781 917 849 urbium
951 783 1050 849 exuit
1108 780 1195 872 Ipse
1216 804 1296 852 curn

56 938 61 947 ·
136 884 263 978 Belgio
290 885 473 977 Gallorum
499 884 589 953 duce
615 906 833 985 congressus,
857 883 990 952 interiit.
1040 884 1253 976 Repetitae
1242 908 1295 956 ιι-

50 998 60 1035 '=
137 988 184 1059 de
208 989 390 1058 Gallorum
416 987 583 1079 origines,
609 1008 668 1076 qur
658 976 880 1077 Qulyrioum
875 994 1113 1080 occuparantr
1136 999 1254 1079 atque
1246 996 1297 1059 ut

95 1116 100 1123 ’
136 1095 280 1184 ingressi
305 1092 505 1179 Graeciam,
536 1091 677 1161 Brenno
701 1091 810 1179 duce,
843 1090 991 1185 Delphis
1014 1092 1096 1165 victi
1119 1092 1297 1185 deturque
1339 1180 1342 1185 Ι

15 1202 63 1290 ”,
136 1205 222 1268 sunt.

407 1338 688 1455 Paououus
717 1382 856 1458 Lruur
879 1381 990 1453 XXV.

216 1503 346 1590 Quinto
381 1509 416 1572 ot
447 1503 610 1575 viceslmo
641 1503 835 1573 volumine
845 1504 1058 1572 continentur
1087 1502 1187 1576 haec.
1247 1503 1296 1575 Ut

53 1612 59 1621 ’
139 1554 330 1701 Antigonus
356 1607 478 1676 Gallos
510 1607 653 1675 delevitr
684 1590 811 1676 deinde
836 1629 914 1676 cum
938 1607 1179 1698 Apollodoro,
1211 1598 1297 1679 cas'-

140 1713 303 1782 sandreae
329 1721 489 1802 tyranno,
517 1711 650 1783 hcllum
675 1710 805 1784 habuit.
857 1709 908 1779 Ut
924 1712 1018 1783 Galli
1044 1713 1273 1781 transierunt
1263 1736 1297 1782 ιι

132 1809 275 1902 Asiam,
301 1816 500 1902 bellumque
525 1836 604 1884 cum
620 1812 706 1907 'rege
727 1815 902 1884 Antiocho
932 1827 975 1903 et¹
990 1816 1152 1908 Bithynio
1180 1840 1296 1911 gesse-

139 1929 236 1989 runt:
265 1942 347 2009 quas
380 1919 537 2010 regiones
572 1918 684 1986 Folini
714 1916 935 2009 occuparunt.
996 1919 1051 2009 Ut
1076 1920 1231 2011 Pyrrhus
1256 1944 1297 1992 ex

139 2024 241 2092 Italia
265 2044 433 2110 reversus,
460 2043 569 2113 regno
584 2021 813 2091 Macedoniae
827 2025 1037 2115 Antigonum
1050 2026 1203 2116 ‘exuerim
1230 2025 1296 2095 La·

141 2127 397 2199 ccdaemoniam
412 2124 599 2209 obsederit,
619 2126 745 2219 Argis
736 2125 910 2207 interierit3
934 2127 1091 2216 filiusque
1111 2129 1182 2198 eiam
1194 2130 1297 2201 Alex-

141 2232 248 2313 ander
270 2230 445 2324 Illyricum
471 2251 551 2300 cum
575 2227 714 2368 Mytillo
739 2230 868 2300 bellum
894 2229 1063 2300 habuerit

441 2392 684 2491 Pnououus
709 2419 845 2489 Lrhrr
870 2420 997 2489 XXVI.

218 2538 324 2609 Sexto
350 2549 386 2609 et
410 2541 569 2612 vicesimo
595 2542 768 2613 volumine
793 2541 1004 2632 eontinentur
1028 2538 1128 2609 hacc
1164 2538 1314 2625 (ὲιιἸιιιιΙ

50 2644 53 2649 ’
101 2670 103 2674 ⁴
140 2642 176 2712 iu
200 2643 340 2712 urbibus
366 2645 533 2715 Graeciae
555 2646 821 2715 dominationem
836 2646 1027 2737 Antigonus
1043 2642 1198 2714 (donatas
1212 2662 1312 2717 oon-.

142 2747 291 2816 stituerit.
334 2746 386 2816 Ut
411 2747 601 2819 defectores
622 2750 744 2819 Gallos
764 2748 917 2840 Megaris
942 2748 1084 2832 delevit,
1109 2764 1300 2840 regemque
1335 2830 1342 2855 Ι

46 2854 62 2897 -’
141 2850 493 2920 Lacedaemoniorum
518 2854 611 2921 Area
636 2850 793 2921 Corinthi
824 2853 1001 2922 interfecit.
1059 2850 1195 2923 Dehinc
1220 2872 1299 2925 cum

142 2954 262 3033 fratris.
288 2955 337 3021 sui
365 2954 497 3023 Crateri
526 2955 600 3024 lilio
633 2955 831 3026 Alexandro
865 2956 994 3025 bellum
1018 2954 1188 3026 habuerit
1243 2953 1300 3025 'Ut

142 3058 304 3151 princeps
327 3056 483 3128 Achaiae
502 3062 626 3129 Aratus
644 3061 846 3146 Sicuonem,
873 3070 907 3128 ιι
920 3057 1144 3145 Corinthum,
1169 3067 1204 3127 et
1218 3058 1300 3128 Me-

143 3185 229 3255 gara
255 3158 441 3254 occuparit.
503 3163 555 3233 Ut
584 3165 620 3231 iu
644 3164 749 3253 ‚Syria
774 3185 833 3232 rex
859 3162 1065 3248 Antiochus,
1091 3158 1300 3254 odguomiue

144 3266 262 3349 Soter,
289 3268 395 3335 altero
421 3266 496 3335 filio
521 3267 653 3356 occiso,
679 3269 786 3336 altero
805 3290 889 3359 rege
905 3275 1099 3356 nuncupato
1113 3266 1299 3355 Antiocho,

144 3367 337 3440 decesserit.
393 3368 444 3438 Ut
476 3369 512 3437 iu
535 3371 616 3440 Asia
647 3372 738 3440 tilius
764 3370 953 3439 Ptolemaei
977 3370 1087 3461 regis,
1113 3370 1209 3437 socio
1235 3370 1300 3438 'Il-

143 3470 310 3557 maroho,
335 3472 512 3542 desciverit
536 3497 566 3542 a=
581 3483 689 3565 patre.
729 3473 781 3544 Ut
800 3475 904 3542 frater
917 3474 1081 3565 Antigoni
1095 3472 1300 3559 Demetrius,

145 3584 315 3666 occupato
341 3574 482 3666 Cyrenis
507 3600 635 3670 reguo,
660 3578 832 3647 interierit.
883 3577 934 3647 Ut
956 3586 1091 3647 mortuo
1114 3598 1201 3668 rege
1227 3579 1301 3646 Au-

144 3678 281 3772 tiooho,
305 3678 396 3748 tilius
421 3680 492 3749 eius
516 3681 680 3773 Seleucus
707 3682 889 3759 Callinicus
913 3704 1058 3775 regnum
1083 3682 1272 3774 acceperit.-

399 3930 403 3939 .
438 3871 682 3941 Pnouoous
709 3871 847 3941 Lrurrr
871 3824 1014 3942 XXVII.

222 3986 378 4081 Septimo
405 3999 440 4060 et
465 3991 626 4063 vicesimo
652 3992 824 4061 volumine
853 3993 1064 4062 continentur
1088 3988 1189 4060 haec.
1235 3986 1302 4059 So-

143 4091 233 4161 leuci
259 4094 391 4162 bellum
422 4096 457 4164 in
484 4094 582 4186 Syria
608 4090 766 4166 adv‘ersus
791 4096 1027 4165 Ptolemaeum
1052 4092 1332 4184 'I'ryphouemt¹

143 4192 227 4264 item
251 4196 286 4265 in
309 4197 391 4266 Asia
416 4199 575 4268 adversus
598 4200 739 4271 fratrem
763 4222 860 4269 suum
879 4197 1087 4269 Antiochum
1101 4198 1303 4279 Hieracemt

144 4322 216 4391 quo
240 4300 336 4371 bello
361 4303 520 4397 Ancyrae
543 4305 650 4377 viotru
674 4313 727 4375 est
750 4327 772 4374 o
797 4304 925 4377 Gallis:
956 4311 1079 4395 utque=
1093 4300 1193 4373 Galli
1214 4301 1303 4371 Por-
