2692 4718
153 272 219 353 q,
602 248 913 317 rusnrnr
966 244 1129 285 -··’

148 434 179 487 2¹.-
200 416 281 497 tu,
305 411 353 483 itu
372 409 468 494 uicit,
492 414 531 480 ut
548 407 713 479 uictorem
736 432 838 485 nemo
857 410 1002 481 sentiret
1052 407 1213 483 seduco
1231 400 1295 483 re·

149 536 172 587 s
196 538 284 607 geru
301 536 342 585 eu
359 512 560 598 Graeciae,
584 513 652 581 sed
669 513 798 582 ducem
819 514 1001 607 appellari
1017 513 1142 591 iussin
1172 502 1293 605 Atquin

195 616 494 693 murocinetum
508 614 670 683 laetitiam
686 626 723 683 et
733 616 892 686 dolorem
909 616 1059 688 hostium
1078 619 1294 709 temperavit,

146 736 170 803 ἢ
196 734 235 795 ut
256 742 368 809 nequo
389 718 486 809 opud
504 739 581 787 suos
594 719 800 809 exsultasse,
825 743 938 811 neque
959 720 1053 811 apud
1065 720 1171 815 victos
1183 722 1305 813 insul·-

196 836 282 895 resse
295 822 476 891 videretur.
524 820 803 908 Atheniensibus,
829 846 917 913 quos
928 845 1045 914 possus
1058 822 1294 897 infestissimos

196 928 326 1010 lueret,
358 933 394 993 et
419 923 573 1015 captivos
599 926 703 1015 gratis
723 927 868 1017 remisit,
895 935 929 995 et
951 926 1043 995 bello
1068 936 1294 1019 consumpto·

195 1052 271 1101 rum
292 1049 442 1119 corporo
461 1027 654 1117 sepulturae
678 1028 845 1110 reddidit3
882 1029 1109 1119 reliquiasque
1131 1031 1295 1101 funem

195 1143 234 1205 ut
253 1132 298 1201 ud
319 1130 480 1223 sepulcro
506 1131 673 1201 maiorum
702 1131 889 1217 deferrent,
926 1134 1017 1203 ultro
1047 1132 1202 1203 hortatus
1229 1142 1292 1211 cst.

145 1248 167 1317 5
195 1236 308 1327 Super
318 1233 408 1303 haec
421 1233 655 1307 Alexandrum
670 1234 779 1303 filium
793 1258 872 1305 cum
884 1236 995 1305 amico
1013 1236 1206 1327 Antipatro,
1231 1237 1294 1327 qui

195 1360 320 1431 punem
346 1359 424 1406 cum
444 1336 500 1405 his
521 1338 777 1427 amicitiamque·
792 1338 987 1431 iungerent,
1020 1338 1173 1422 Athenis
1192 1340 1294 1409 misit.

145 1457 168 1521 6
195 1441 441 1511 Thebanorum
455 1460 562 1532 porro
575 1462 645 1509 non
661 1442 770 1509 solum
788 1443 957 1533 captivos,
982 1465 1099 1511 verum
1114 1443 1216 1512 mum
1231 1442 1293 1511 in-
1318 1452 1321 1457 ’

143 1561 168 1625 7
194 1546 413 1615 terfectorum
428 1544 639 1633 sepulturum
651 1544 813 1613 vendidit.
862 1545 1039 1636 Principes
1053 1545 1297 1616 ciuitatisnlios.

194 1648 303 1719 securi
318 1647 501 1740 percussit,
532 1648 617 1716 alios
638 1647 674 1715 iu
705 1648 857 1716 exsilium
886 1648 1039 1740 redegit,
1069 1650 1230 1739 bonoque
1249 1670 1293 1719 o-

144 1767 168 1831 8
194 1753 325 1821 muium
339 1750 532 1839 occupavit
563 1751 685 1820 Pulsos
702 1750 828 1819 deinde
841 1774 904 1842 per
917 1750 1082 1838 iniurium,
1096 1752 1132 1819 in
1146 1751 1294 1844 putrium

193 1853 345 1925 restituit.
384 1853 440 1921 Ex
452 1851 579 1921 horum
594 1874 736 1921 numero
751 1862 919 1923 trecentos
933 1856 1060 1923 exsules
1083 1855 1213 1924 iudices
1232 1864 1309 1931 re-'

141 1970 167 2035 9
195 1968 373 2045 ctoresque
386 1954 510 2024 civitati
521 1955 634 2025 dedit:
661 1956 754 2047 opud
768 1978 854 2045 quos
869 1980 973 2046 quum
981 1956 1202 2049 potentissimi
1213 1958 1292 2049 qui·

193 2084 263 2151 que
276 2060 327 2129 rei
344 2059 413 2127 eius
428 2058 534 2149 ipsius
557 2058 702 2129 criminis
720 2058 988 2151 postularenlur,
1013 2061 1108 2150 quod
1123 2075 1189 2153 per
1202 2062 1294 2131 iniu-

119 2200 128 2211 =
192 2167 282 2233 riam
302 2185 337 2230 se
359 2161 394 2228 iu
414 2161 569 2231 exsilium
594 2164 761 2255 egissent,
793 2162 1122 2249 huius-,constentino
1142 2164 1293 2254 fuerunt,

192 2275 231 2336 ut
252 2286 430 2335 omnesne
454 2273 622 2335 auctores
643 2266 845 2356 faterentur,
871 2268 1065 2360 meliusque
1085 2256 1167 2337 eum
1180 2289 1293 2361 repo·

192 2369 290 2439 blio'u
305 2375 444 2454 actum,
470 2391 580 2460 quum
597 2368 762 2439 dunruati
782 2378 911 2459 essent,
937 2393 1049 2462 quam
1062 2393 1171 2463 quum
1185 2370 1294 2441 resti-

144 2473 294 2556 roseti,
303 2471 558 2543 contenderent.
609 2472 702 2540 Mira
715 2495 852 2563 prorsus
870 2474 1031 2543 audaciae
1058 2474 1102 2543 de
1124 2473 1293 2544 iudicibus

192 2577 283 2647 vitae
298 2574 457 2663 necisque
477 2574 585 2660 suae,
598 2576 892 2667 quemadmodum
905 2584 1063 2668 possunt,
1092 2576 1292 2647 senteutiam

79 2690 87 2717 ”
193 2680 326 2767 ferunt-3
352 2687 639 2767 contemnuntque
662 2679 927 2793 absolutionem,
953 2700 1056 2771 quam
1070 2678 1152 2751 dare
1162 2701 1292 2751 mumrou

229 2868 254 2944 §.
262 2860 293 2931 ’4.
313 2867 474 2941 sepulturae
486 2868 620 2924 reddidit.
663 2869 851 2944 Sepelireund
863 2871 1006 2944 sepultura
1019 2870 1055 2925 ist
1062 2868 1112 2924 der
1122 2868 1292 2943 allgemeino

13 2944 17 2957 '
75 3012 80 3022 ,
142 2947 272 3010 Auidruk
291 2971 349 3007 von
365 2954 446 3023 dem,
468 2972 525 3007 was
545 2954 600 3007 mit
619 2954 685 3008 dem
705 2957 860 3010 Leiehnum
875 2973 1095 3028 vergenommeu
1110 2954 1193 3010 wird.
1234 2954 1293 3011 nic

143 3042 227 3096 Alten
248 3040 437 3093 verbrannten
456 3038 583 3091 nilmlich
605 3039 659 3092 den
677 3040 775 3094 todten
791 3045 919 3112 Korper',
940 3042 999 3096 und
1017 3041 1064 3094 die
1085 3038 1292 3095 richewardo

142 3126 250 3181 roduna
267 3124 405 3195 heerdigt.
447 3125 515 3179 Dies
540 3123 635 3178 heides
654 3126 749 3180 wurde
771 3124 862 3181 durch
882 3127 966 3197 obige
983 3129 1096 3180 Wiirter
1120 3124 1292 3181 bezeichnen

142 3212 274 3267 Welcher
288 3211 389 3282 Begrif
401 3210 626 3265 vorherrsehend
636 3210 680 3279 ist,
703 3229 781 3266 murs
794 3229 843 3266 aus
859 3211 925 3265 dem
941 3210 1201 3283 Zussmmenhange
1212 3211 1294 3265 sinor

141 3296 225 3367 jeden
248 3297 337 3352 Stelle
357 3297 473 3350 errehen
492 3296 614 3349 werden.
658 3298 729 3353 Hier
745 3297 785 3352 ist
801 3298 945 3370 sepultura
958 3314 1015 3353 von
1028 3295 1296 3368 derVerbrennung
1338 3290 1344 3303 ⁸

141 3398 177 3437 uu
191 3381 349 3436 verstehen.
375 3383 424 3453 XI,
439 3381 482 3449 15,
499 3379 550 3436 15:
574 3399 671 3455 corpus
684 3385 761 3457 regis
775 3401 849 3437 more
861 3400 923 3455 sep
932 3382 1027 3437 elire
1039 3394 1067 3437 et
1080 3382 1215 3455 reliquiae
1231 3380 1295 3436 eius

142 3469 278 3521 maiorum
289 3467 403 3521 tumulis
420 3467 524 3539 inferri
537 3468 629 3523 iussit.
714 3524 717 3529 ,
1059 3478 1061 3483 “

228 3554 256 3623 5.
270 3553 298 3608 5.
320 3554 491 3608 cumamico.
536 3551 632 3606 Ueher
644 3553 752 3606 amicus
765 3550 841 3607 risile
856 3551 902 3606 dis
917 3544 1167 3623 Aumcrk.zu1‚4,
1179 3550 1208 3606 6.
1254 3610 1263 3617 ,

212 3638 252 3707 t.
275 3636 304 3692 7.
336 3638 367 3689 in
390 3637 659 3711 exsiliumredegit.
709 3640 768 3692 Das
786 3637 983 3708 Compositum
1003 3642 1072 3690 stati
1092 3636 1140 3690 der
1158 3634 1297 3707 Simplex.
1336 3682 1344 3707 Ι.

140 3724 170 3787 S.
192 3716 239 3776 did
256 3723 390 3776 Anmerk.
412 3718 601 3790 zul,1o,14.
644 3722 699 3779 Die
720 3725 822 3776 Lesart
843 3724 922 3777 einer
941 3721 1142 3792 Hondsclrrift,
1162 3722 1240 3794 agie,
1258 3721 1299 3777 itt
1330 3720 1334 3725 ¹

141 3807 219 3864 wohl
240 3825 297 3865 nur
319 3807 360 3860 als
378 3807 478 3862 Glosse
498 3808 673 3876 unzusehen,
701 3806 835 3879 obgleich
855 3808 908 3864 wir
923 3810 973 3880 XI,
993 3804 1028 3879 4,,
1038 3809 1087 3864 11:
1115 3807 1148 3861 iu
1164 3808 1299 3863 exsilium

141 3907 297 3967 agerentur
307 3892 410 3947 huben.
994 3950 998 3957 ,

114 3992 121 4008 ·
229 3979 296 4048 §.dt
320 3979 404 4031 huius
420 3977 603 4031 constantiae.
646 3977 702 4030 Hic
719 3975 756 4030 ist
774 3973 837 4031 hier
855 3975 996 4049 sovielels
1009 3978 1095 4046 talis,
1114 3974 1306 4041 inweloheuu

141 4063 227 4121 sinna
239 4065 264 4117 ir
280 4063 410 4117 iiblioher
421 4061 467 4119 ist.
511 4067 592 4117 Com.
606 4063 678 4136 Nep.
690 4067 759 4116 Dar.
770 4065 797 4132 6,
809 4064 844 4119 Ξῖ
868 4061 986 4137 hisque
998 4065 1067 4117 locis
1081 4073 1178 4117 castro
1189 4064 1298 4132 posuit,

142 4161 176 4205 ut
191 4168 278 4223 mque
294 4150 411 4205 circuiri
426 4149 607 4205 multitudine
628 4149 850 4207 adversariorum
866 4162 975 4222 posset,
998 4166 1041 4205 wo
1060 4148 1157 4205 Breuni
1175 4147 1302 4205 nasum-

142 4233 230 4293 ulren
244 4234 288 4291 ist.
333 4242 336 4246 “
