2692 4718
156 271 245 339 tte·
400 265 417 357 J
501 349 506 357 ¹
599 266 870 335 rusrrnr

99 454 104 485 ι
156 436 178 499 4
206 427 275 518 per'
283 423 466 494 absentiam
485 426 588 514 eiusa
601 422 774 512 Demetrio
786 423 955 497 defecere.
990 425 1208 497 Ptolemaeus
1222 450 1313 519 quo·

176 556 179 568 ’
205 554 273 621 que
291 551 351 597 rex
371 528 539 619 Aegypti,
565 528 659 597 bello
679 529 724 596 ab
746 518 869 598 eodem
883 528 1025 620 petitus,
1053 552 1158 621 quum
1176 554 1314 624 coguo-

204 635 318 718 visset,
344 631 564 722 Cleopatram
587 637 739 700 sororem
752 655 866 718 suam,
893 632 1015 723 opibus
1038 628 1194 726 Aegypti
1207 636 1311 706 ‘nari-

203 739 266 806 bus
279 735 461 827 impositis,
488 735 532 802 ad
547 734 652 803 filiam
666 745 701 803 et
715 735 927 805 Demetrium
941 759 1107 827 generum
1126 738 1161 805 iu
1175 738 1311 831 Syriam
1333 814 1336 823 ι

189 840 414 932 profugisse,
441 838 587 906 immittit
605 840 762 908 iuvenem
777 837 949 929 que'ndam
967 839 1195 932 Aegyptium,
1221 845 1310 913 Pro-
1338 836 1342 847 '

122 982 136 1000 a
203 944 313 1014 tarohi
328 941 546 1034 negotiatoris
560 941 685 1029 lilium,
711 943 770 1034 qui
787 966 932 1037 regnum
947 942 1065 1032 Syriae
1090 945 1189 1013 armis
1208 955 1312 1039 pete-

58 1094 61 1104 ·
88 1075 94 1085 ¹
126 1054 130 1067 “
155 1060 174 1123 5
203 1060 271 1133 ret,
294 1056 333 1115 et
347 1047 535 1136 composita
549 1046 686 1136 fabula,
712 1036 806 1137 quasi
828 1070 892 1138 per
907 1046 1128 1136 adoptionem
1145 1049 1311 1121 Antiochi

21 1229 23 1233 y
203 1153 293 1243 regis
313 1159 470 1240 receptus
485 1150 520 1216 in
533 1148 696 1218 familiam
711 1151 843 1244 regiam
861 1158 963 1236 esset,
988 1172 1053 1220 nec
1070 1151 1175 1241 Syriis
1187 1175 1309 1242 quem-

84 1274 104 1331 ,“
159 1326 162 1333 ,
181 1320 187 1329 ,
202 1257 289 1325 libet
300 1277 420 1346 regem
434 1256 704 1346 aspernantibus,
728 1278 772 1324 ue
788 1254 952 1323 Demetrii
975 1258 1170 1345 paterentur
1187 1279 1309 1348 super-
1324 1266 1344 1290 ·“

44 1398 48 1411 1
160 1442 163 1451 .
202 1360 310 1427 biam:
335 1346 464 1426 nomen·
476 1358 589 1427 iuveni
601 1358 808 1428 Alexandri
821 1358 1024 1449 imponitur,
1050 1358 1241 1449 auxiliaque
1264 1361 1308 1430 ab
1332 1388 1338 1403 ⁴

134 1517 136 1522 .
155 1477 176 1538 6
204 1465 367 1553 Aegypto
387 1462 536 1554 ingentia
551 1460 732 1531 mittuntur.
773 1463 905 1530 Interea
920 1483 1044 1552 eorpus
1057 1462 1241 1549 Antiochi,
1254 1465 1308 1533 iu-
1325 1464 1330 1473 ⁴

202 1564 372 1635 terie'etia
391 1588 475 1657 rege
493 1562 718 1652 Parthorum,
745 1566 778 1632 in
797 1567 912 1637 loculo
928 1573 1098 1659 'argenteo
1123 1564 1169 1634 ad
1191 1568 1307 1659 sepul-

203 1680 312 1738 turam
332 1668 367 1737 in
385 1669 518 1759 Syriam
535 1669 711 1738 remissum
733 1656 940 1760 supervenit:
967 1669 1061 1758 quod
1083 1670 1161 1739 cum
1179 1669 1308 1765 ingenti

90 1802 92 1811 ’
175 1849 181 1857 x
201 1774 314 1844 studio
331 1772 514 1842 civitatium
529 1783 563 1840 et
579 1773 669 1865 regis
688 1773 889 1858 Alexandri,
916 1773 961 1842 ad
979 1773 1182 1853 firmandam
1204 1757 1306 1845 fabu'-

201 1879 259 1946 lae'
272 1876 394 1960 fidem,
421 1876 595 1965 excipitur.
648 1876 747 1961 Quae
764 1900 816 1945 res
829 1877 880 1944 illi
896 1899 1057 1969 magnum
1068 1877 1223 1945 favorem
1240 1901 1308 1981 po-

202 1980 373 2072 pularium
396 1979 603 2062 conciliavit,
631 1981 787 2048 omnibus
801 2002 869 2048 non
882 1981 976 2050 fictas
992 1981 1027 2047 in
1043 2002 1085 2049 eo
1097 2027 1109 2066 ,
1123 1974 1196 2049 “sed
1213 2004 1307 2050 veras

40 2127 49 2139 ·
118 2163 124 2173 ‚
154 2097 174 2156 7
201 2084 355 2153 lacrimas
369 2082 637 2153 existimantibus.
688 2082 879 2153 Demetrius
896 2093 1009 2152 autem
1023 2080 1127 2154 vietus
1140 2084 1185 2153 ab
1199 2085 1308 2155 Aler-

158 2258 161 2264 ,
202 2187 328 2272 andro,
354 2209 461 2276 quum
485 2186 636 2275 undique
657 2186 946 2256 circumstantibus
969 2188 1065 2256 malis
1085 2198 1307 2279 premeretur,
1335 2201 1338 2205 “

152 2307 174 2373 8
202 2286 248 2361 ad
262 2284 472 2384 postremum
486 2289 586 2359 etiam
601 2291 645 2359 ab
658 2296 762 2360 uxore
775 2290 920 2381 filiisque
933 2290 1107 2361 deseritur.
1153 2291 1307 2375 Relictus

125 2504 141 2541 ς
220 2475 246 2544 §·
262 2476 290 2531 3·
311 2488 340 2529 et
361 2478 512 2546 composita
528 2473 641 2546 sabula·
685 2479 845 2552 Componere
868 2473 904 2525 iet
923 2471 985 2526 hier
1006 2471 1110 2537 toriel,
1134 2470 1176 2525 ele
1186 2475 1306 2548 fingere,

150 2562 203 2615 mit
223 2561 289 2613 dem
308 2577 338 2613 ee
354 2559 500 2613 bisneilen
516 2559 589 2612 auch
606 2559 772 2614 verbunden
788 2559 867 2613 wird.
902 2562 955 2628 Ν,
975 2563 1008 2628 1,
1026 2563 1076 2617 17:
1096 2562 1193 2633 Neque
1209 2563 1261 2616 lroe
1273 2562 1306 2616 ab

150 2653 274 2721 antiquie
288 2651 319 2700 in
332 2649 499 2701 dulcedinem
510 2646 629 2715 subulae
646 2645 905 2716 compositum,
921 2649 971 2699 aed
991 2661 1064 2700 metu
1083 2661 1111 2700 et
1125 2649 1308 2702 admiratione

151 2737 359 2790 transeuntium.
400 2733 546 2798 cinxia,
566 2732 670 2798 lm:
702 2734 845 2788 Nocturna
861 2734 913 2785 irae
930 2731 1027 2795 ficto
1052 2733 1305 2801 etcomposito

151 2810 326 2894 argumento,
346 2836 390 2871 wo
409 2821 603 2885 Drakenborch
621 2833 715 2870 ausser
731 2835 849 2871 unserer
865 2817 950 2885 Stelle
966 2815 1042 2872 noch
1055 2817 1219 2888 rergleicht.
1245 2824 1306 2876 Ην.

138 2913 203 2974 ιΙΙΙ,
223 2909 340 2974 10,10:
363 2907 476 2960 Tribuni
494 2925 585 2959 coram
605 2908 635 2957 in
649 2903 716 2975 foro
729 2924 892 2974 personare,
911 2905 1041 2978 fabulam
1064 2905 1307 2976 compositum
1340 2939 1343 2943 ·

110 3030 116 3048 a
154 2996 247 3052 Volsci
263 2995 336 3046 belli.
385 2996 480 3046 denec.
495 2992 602 3044 Concol.
618 2991 657 3043 ud
670 2992 750 3043 Helu.
768 2991 815 3045 16:
841 2995 998 3063 Peripsum
1017 3004 1109 3046 tamen
1124 2993 1307 3063 compoti-

150 3090 224 3134 tum
248 3079 461 3149 fictumque
480 3079 586 3133 vultum
608 3078 738 3129 lacrimae
755 3077 971 3149 profunduntur.
998 3104 1034 3116 -
1072 3080 1103 3129 ln
1125 3076 1180 3130 den
1199 3095 1307 3134 nouem

48 3222 51 3228 ,
150 3161 297 3237 durgaben
313 3164 350 3217 iet
367 3180 421 3216 ron
440 3162 496 3216 den
516 3162 729 3232 Heremgebern
746 3164 820 3217 nach
837 3164 888 3217 der
904 3162 954 3215 Ed.
968 3163 1045 3215 Iunt.
1062 3162 1111 3217 des
1127 3178 1157 3219 et
1172 3180 1225 3217 ror
1236 3187 1308 3220 com·

147 3259 242 3331 posita
266 3251 307 3305 ele
330 3249 510 3304 einnetdrend
533 3248 708 3320 gestriahen3
736 3251 810 3303 nach
830 3251 939 3304 meiner
961 3249 1075 3302 Aneiolrt
1097 3250 1151 3303 mit
1176 3252 1307 3306 Uurecht,

150 3342 233 3395 Denn
250 3337 409 3408 ubgeeeheu
427 3337 535 3403 daron,
555 3335 617 3388 dees
632 3336 707 3390 diese
719 3336 844 3390 Partikel
855 3336 885 3388 in
903 3335 977 3387 allen
992 3335 1211 3407 Handsehriiteu
1222 3338 1306 3408 steht,

149 3444 180 3480 eo
200 3424 354 3496 entepricht
364 3423 503 3491 dieselbe3
521 3439 576 3476 was
595 3421 640 3474 die
657 3424 851 3496 Herauegeber
868 3421 1024 3476 iibersehen
1040 3421 1148 3489 haben,
1165 3421 1228 3476 hier
1240 3422 1307 3477 dem

88 3506 93 3523 ’
148 3511 303 3584 folgenden
323 3531 386 3577 nec,
406 3510 519 3576 indam,
540 3510 592 3562 wie
611 3509 703 3575 iilter,
724 3508 814 3563 durch
833 3524 860 3564 et
874 3537 905 3548 -
917 3529 967 3564 nec
985 3506 1029 3560 eiu
1046 3501 1232 3564 affirmetirer
1249 3509 1325 3564 und·

147 3598 292 3670 riegetiver
313 3601 378 3649 Sata
394 3597 558 3651 verbunden
576 3597 654 3652 wird.
690 3594 762 3662 Vlll,
778 3599 812 3661 6,
830 3597 862 3650 8:
879 3596 955 3650 Nam
972 3610 1040 3647 uec
1056 3598 1130 3670 ineo
1145 3599 1307 3670 iuecogna-
1342 3651 1345 3661 ,

147 3692 231 3755 tinnis
245 3687 386 3749 servavit,
404 3687 449 3739 cui
465 3686 568 3739 ademit
586 3702 716 3755 regnum3
737 3691 774 3736 et
790 3703 869 3748 eum,
887 3686 933 3736 cui
946 3683 1038 3750 dedit,
1056 3684 1223 3754 impudicum
1234 3683 1307 3754 fecit

147 3789 215 3830 ante
229 3792 309 3847 quam
322 3791 423 3843 regem·
465 3773 522 3825 cio.
539 3776 598 3826 Oct.
611 3774 663 3838 lll,
681 3772 716 3837 8,
733 3771 785 3826 20:
802 3774 903 3842 Itaque
917 3769 1028 3832 iliorum
1038 3772 1176 3841 responait
1189 3784 1257 3823 tunc
1270 3775 1307 3835 et

98 3856 107 3869 '¹
146 3864 206 3916 Iudi
224 3865 315 3915 decem
331 3879 383 3931 per
402 3860 461 3913 dies
469 3859 548 3931 facti
555 3855 638 3929 sacti
651 3872 730 3924 aunt,
751 3872 873 3928 neque
890 3875 934 3910 ree
950 3855 1122 3933 ulla„quue
1136 3858 1175 3910 ad
1185 3858 1307 3928 placan-

145 3950 196 4006 dos
211 3948 275 4000 deor
286 3948 457 4019 pertineret,
474 3948 672 4018 praetermissa
691 3943 750 4019 e'at3
766 3960 810 3996 wo
828 3939 922 3995 meine
938 3938 1116 4012 Bemerkung
1132 3957 1166 3993 ru
1186 3939 1307 4013 verglei·

144 4034 218 4089 chen
235 4031 280 4088 ist.

216 4140 311 4174 nomen
326 4121 418 4171 iuveni
435 4119 587 4173 Alexandri
600 4108 758 4190 imponitu'r.
801 4119 911 4169 Gronov
934 4111 1050 4166 tuderto
1068 4113 1205 4185 unndtlrig
1222 4115 1307 4183 Alge-

127 4209 257 4264 -ondrm
306 4207 396 4268 XLH,
413 4206 447 4272 2,
466 4208 496 4260 2:
518 4210 563 4260 cui
581 4223 626 4261 rea
639 4200 876 4279 gestae-Magni
899 4219 1048 4272 cognomen
1066 4201 1171 4255 dedere.
1214 4203 1241 4254 S.
1260 4199 1306 4265 die
1329 4208 1334 4215 '

120 4302 123 4307 '
144 4297 274 4351 Anenerk.
292 4293 372 4357 Xlll,
385 4291 424 4361 -Ζ,
444 4292 471 4350 1.
