2692 4718
307 362 496 427 fllsron.
519 364 602 427 [ΛΒ.
623 364 763 425 XXXVI.
786 363 887 432 cte.
909 364 941 433 4.
1150 369 1215 436 411

52 514 185 587 deinde
197 520 394 611 sepulcrum
409 520 525 593 iacere
537 520 689 591 instituitt
715 522 770 591 coi
793 522 892 614 operi
906 524 1050 593 intentus
1068 546 1165 603 mor-

51 620 139 691 bum
163 624 304 693 excolis
327 626 463 695 fervore
495 625 676 712 contraxit,
703 634 737 693 ct
759 627 903 717 septima
930 627 987 697 die
1011 627 1176 709 decessit.

26 808 29 813 ⁸
53 722 169 795 Huius
186 734 387 798 testamento
403 728 509 797 heres
524 728 674 821 populus
689 728 866 797 Romanus
881 739 961 802 tunc
975 731 1161 799 instituitur.

56 826 129 897 Sed
148 838 226 899 erat
245 837 287 901 ei
304 834 460 901 Eumene
481 832 706 917 Aristonicus,
732 854 801 901 non
827 834 915 902 iusto
937 834 1163 919 matrimonio,
1191 842 1213 904 6

58 930 118 1001 aad
132 954 177 1003 ex
188 934 315 1025 pellice
325 936 493 1030 Ephesia,-
516 935 706 1007 citharistae
721 937 897 1006 cuiusdam
912 938 1003 1021 tilia,
1019 939 1163 1029 genitus,

58 1038 208 1131 quipost
228 1048 374 1109 mortem
388 1041 495 1110 Attali
508 1042 600 1108 velut
614 1050 793 1131 paternum
807 1064 954 1132 regnum
972 1044 1088 1119 Asiam
1109 1041 1163 1107 in-

59 1142 151 1213 ruit.
203 1141 320 1227 Quum
347 1145 455 1214 multa
480 1140 631 1214 secunda
656 1146 791 1236 proelia
814 1145 973 1213 adversus
1003 1146 1163 1230 civitates,
1191 1153 1213 1215 7

60 1254 148 1337 quae
167 1254 264 1317 metu
285 1248 521 1331 Romanorum
545 1247 681 1316 tradere
704 1270 740 1316 se
760 1248 793 1316 ei
816 1250 994 1332 nolebant,
1019 1249 1164 1333 fecisset,

59 1342 314 1439 hdusquo'rex
332 1351 402 1421 iam
426 1351 615 1437 rideretur,
640 1351 723 1420 Asia
742 1350 874 1421 Licinio
890 1352 1017 1423 Crasso
1035 1351 1167 1422 consuli

61 1454 269 1525 decerniture
293 1455 355 1545 qui
375 1456 535 1525 intentior
553 1454 723 1526 Attalicae
780 1456 905 1541 aedae,
931 1479 1034 1545 quam
1060 1457 1165 1540 bello,
1194 1465 1215 1529 8

61 1580 167 1649 quum
179 1567 332 1653 extrenum
347 1561 427 1629 anni
439 1569 596 1651 tempore
607 1478 880 1628 inordinddoacie
891 1559 1064 1652 proelium
1076 1570 1165 1630 ‘con-

23 1668 27 1673 '
60 1662 231 1763 κη’-μ,
255 1656 362 1733 victus
380 1656 510 1756 poents
523 1663 733 1734 inconsultae
747 1663 905 1731 avaritiae
923 1664 1085 1754 sanguine
1100 1663 1166 1730 de‹
1211 1692 1215 1701 ¹

61 1766 121 1837 dit.
170 1766 212 1835 ln
224 1766 324 1837 huius
336 1768 452 1839 locum
467 1768 584 1835 missus
597 1766 772 1857 Perperna
785 1768 923 1855 consul,
947 1769 1060 1860 prima
1079 1789 1164 1837 oon-
1192 1777 1214 1839 9

36 1954 42 1963 1
59 1870 465 1963 grusionoAristouicum
477 1879 670 1963 superatum
685 1872 720 1937 in
736 1880 938 1962 potestatem
954 1895 1048 1939 sunm
1062 1870 1166 1938 rede-

24 2050 29 2063 ·
60 1974 131 2067 git3
154 1974 386 2065 Attalicasque
398 1994 521 2068 gazas,
545 1973 765 2043 hereditarius
777 1976 902 2068 p'opuli
916 1976 1081 2058 Romani,
1101 1998 1164 2041 nn-

23 2094 26 2099 “
59 2078 364 2169 contrapositae,
389 2066 539 2148 Romam
554 2078 757 2169 deportavit.
810 2079 917 2163 Quod
931 2103 1037 2171 aegre
1053 2079 1213 2149 ferenle

24 2270 27 2275 ι
58 2202 231 2253 nocfflor
245 2182 316 2251 eius
329 2181 465 2256 Manius
477 2182 633 2270 Aquilius
646 2185 773 2266 consul,
792 2183 837 2250 ad
852 2184 1065 2274 eripiendum
1083 2186 1164 2252 Ari-
1258 2220 1265 2229 ·

58 2286 226 2379 donicum
237 2285 444 2377 Perpernae,
470 2284 576 2355 veluti
588 2286 638 2354 sui
653 2288 766 2377 potius
781 2287 946 2379 triumphi
959 2311 1078 2355 munus
1092 2309 1164 2354 esse

26 2406 29 2411 ·
60 2386 219 2475 deberet,
242 2389 400 2459 festinata
413 2389 595 2461 velocitate
610 2390 793 2459 contendit.
828 2391 900 2458 Sed
914 2393 1210 2461 contentionemlt

58 2492 235 2567 contulum
247 2514 339 2561 mors
354 2495 550 2584 Perpernae
566 2492 711 2579 diremit.
754 2492 814 2563 Sic
832 2496 913 2563 Asia
929 2498 1164 2563 Romanorum

24 2624 27 2629 ·
58 2594 153 2671 fact!
166 2618 247 2669 curn
262 2596 386 2689 opibus
400 2598 466 2667 suis
483 2597 562 2666 vitia
574 2618 713 2687 quoquo
725 2596 874 2666 Romam
888 2599 1077 2668 transmisit.

33 2772 45 2857 f·
55 2816 159 2939 *Ἕκ
172 2818 234 2937 ⁷21
247 2798 325 2855 atria
346 2812 464 2887 cerras,
492 2812 536 2851 wo
562 2793 714 2850 richerlich
733 2796 814 2851 nicht
837 2797 1082 2879 Wnchsgemitlde
1094 2814 1129 2851 nu
1151 2810 1217 2849 rer-

33 2904 36 2911 ·
118 2900 156 2939 en
171 2900 193 2937 u
235 2919 243 2938 .
