2692 4718
380 342 566 435 nrs'r'ou.
595 374 684 435 uta.
707 372 819 434 xxvi.
848 372 943 477 cnr.
963 378 993 438 3.
1201 377 1262 442 atr

104 533 183 601 stias
196 531 365 602 caedunt:
391 552 533 621 quarum
555 530 635 599 extis
655 553 761 620 quum
783 553 908 621 magna
928 529 1069 617 caedes,
1086 530 1209 601 interi-

104 638 399 729 tusque-omnium
421 635 694 725 praediceretur,
726 656 795 701 non
817 634 852 701 in
874 637 1047 701 timorem.
1082 634 1144 701 sed
1175 637 1209 702 in

101 740 254 817 furorem
272 742 371 824 versi,
397 724 638 830 sperantesque
658 738 812 806 Deorum
834 739 939 805 minas
956 737 1083 828 expiari
1103 738 1209 806 caede
1230 728 1234 733 ¹

102 865 240 911 suorum
250 866 370 934 posse,
397 844 559 933 coniuges
577 852 610 908 et
624 841 749 910 liberos
765 863 842 909 suos
853 841 1038 924 trucidant,
1058 839 1208 931 auspicia

101 947 186 1015 belli
200 971 221 1014 a
235 944 418 1037 parricidio
440 947 645 1036 incipientes,
695 945 808 1013 Tanta
823 945 940 1039 ¹rabies
963 945 1054 1012 feros
1079 946 1208 1019 animos
1236 959 1256 1019 3

100 1051 282 1134 invaserat,
308 1061 346 1117 ut
360 1073 429 1116 non
441 1058 619 1139 parcerent
631 1049 742 1133 aetati,
769 1049 824 1119 cui
837 1050 938 1115 etiam
951 1047 1063 1117 hostes
1077 1072 1207 1139 peper-
1239 1090 1247 1141 3

100 1154 236 1241 cissent,
258 1155 456 1242 bellumque
473 1153 713 1221 internecivum
730 1174 808 1221 cum
822 1152 938 1219 libetis
953 1153 1206 1240 liberorumque

83 1246 449 1347 'matribusgererent,
474 1279 540 1347 pro
554 1256 676 1344 quibus
688 1254 781 1324 bella
797 1255 921 1346 suscipi
933 1257 1051 1347 solent.
1085 1256 1204 1346 Itaque
1231 1267 1254 1329 4

10 1369 18 1393 ¹
98 1361 195 1448 quasi
215 1361 343 1431 scelere
363 1361 466 1435 vitam
483 1361 727 1446 victoriamque
745 1359 980 1445 redemissent,
1006 1359 1092 1427 sicut
1111 1369 1205 1428 erant

12 1498 21 1513 =
68 1536 71 1543 ,
98 1465 231 1533 cruenti
246 1486 288 1531 ex
303 1465 432 1534 recenti
450 1486 585 1537 suorum
600 1463 727 1545 caede,
747 1463 783 1529 in
795 1464 964 1553 proelium
979 1485 1048 1530 non
1061 1463 1203 1532 meliore

98 1577 238 1652 eventu,
263 1591 365 1655 quam
388 1567 501 1635 omine
520 1567 799 1659 proficiscuntur:
825 1567 989 1655 siquidem
1011 1576 1201 1657 pugnantes
1230 1574 1249 1641 5

95 1671 189 1762 prius
219 1672 478 1762 parricidiorum
506 1671 632 1753 furiae,
665 1693 768 1758 quam
790 1669 906 1739 hostes
935 1671 1203 1752 circurnvenere3

44 1790 51 1801 ¹
96 1774 415 1864 obversantibusque
446 1784 525 1842 ante
564 1774 681 1843 oculos
722 1774 876 1842 manibus
910 1775 1201 1864 interemptorum,

95 1901 212 1962 ornnes
226 1879 405 1949 occidione
420 1880 517 1951 caesi.
552 1879 664 1957 'l'anta
677 1888 806 1969 strages
822 1878 901 1965 fuit,
929 1886 966 1969 ut
979 1879 1107 1969 pariter
1121 1902 1200 1949 cum
1228 1889 1249 1951 6

21 2040 28 2047 .
93 1982 288 2052 hominibus
312 1983 367 2049 llii
391 1981 592 2051 consensisse
613 1981 648 2048 in
671 1981 804 2049 exitium
828 1981 1073 2073 parricidarum
1101 1983 1200 2051 uide-

93 2095 217 2157 rentur.
268 2086 350 2155 Post
364 2086 464 2155 huius
481 2108 620 2178 pugnae
642 2095 797 2177 eventum
814 2088 1029 2154 Ptolemaeus
1046 2086 1198 2175 et'Spar-
1226 2099 1248 2157 7
1263 2101 1266 2105 '

74 2191 196 2275 -tani,
208 2190 370 2275 victorem
393 2190 541 2258 hostiurn
561 2190 744 2267 exercitum
765 2190 989 2274 declinantes,
1021 2192 1057 2259 in
1076 2191 1198 2259 tutiora

37 2368 47 2377 ,
92 2316 128 2360 se
144 2294 319 2383 recipiunt.
352 2295 547 2387 Antigonus
560 2316 716 2392 quoquo,
742 2295 802 2361 ubi
817 2317 934 2361 eorum
950 2294 1132 2363 discessum
1145 2296 1198 2362 vi·
1224 2306 1246 2368 8

93 2396 177 2482 det,
194 2398 322 2467 recenti
334 2396 450 2475 adhuc
462 2420 503 2467 ex
516 2398 623 2497 priori
637 2398 777 2466 victoria
797 2399 941 2465 militum
957 2399 1095 2484 ardore,
1117 2399 1196 2475 ,bel-

34 2488 42 2505 ’
90 2500 162 2591 lum
176 2500 436 2570 Atheniensibus
456 2503 566 2569 infert.
619 2502 662 2568 ln
681 2523 749 2590 quo
773 2525 877 2591 quum
895 2512 1079 2593 occupatus
1101 2511 1195 2589 esset,
1224 2512 1245 2575 9
1276 2492 1280 2501 ’

89 2604 223 2671 interim
234 2605 441 2691 Alexander,
464 2627 524 2673 rex
538 2605 645 2696 Epiri,
668 2605 785 2673 ulcisci
797 2614 941 2679 mortem
956 2606 1196 2696 patris-Pyrrhi

10 2732 12 2739 ·
28 2748 35 2763 ι
90 2709 249 2798 cupieoS‚
274 2709 357 2775 fines
373 2708 601 2777 Macedoniae
614 2708 854 2799 depopulatur.
903 2709 1074 2779 A'dversus
1090 2720 1242 2799 quemlO

76 2826 360 2899 ¹qnumureuersus
377 2837 397 2879 a
412 2813 560 2881 Graecia
579 2812 769 2903 Antigonus
787 2822 889 2900 esset,
914 2814 1107 2895 transitione
1126 2814 1192 2881 mi.-

42 2930 45 2935 '
88 2913 186 3007 litum
203 2914 397 2999 destitutus,
422 2934 569 3006 regnum
589 2913 818 2986 Macedoniae
832 2939 911 2986 cum
925 2918 1070 2999 exercitu
1093 2918 1193 2991 amit·

86 3016 135 3091 ut,
188 3016 298 3085 Huius
313 3019 622 3103 filiusDemetriuS,
646 3040 734 3109 puer
748 3020 952 3106 admodum,
979 3021 1238 3110 absentepa-lt
1295 3096 1298 3101 ,

11 3182 19 3193 ,
86 3129 156 3205 tre,
182 3129 341 3212 reparato
356 3118 523 3208 exercitu,
548 3128 629 3191 non*
640 3125 749 3190 solum
774 3125 927 3203 amissam
951 3123 1191 3195 Macedoniam

31 3266 53 3291 ·.
86 3214 226 3314 recipit,
261 3226 504 3293 verumetiam
532 3225 632 3316 Epiri
660 3248 770 3317 regno
797 3226 1028 3295 Alexandrum
1058 3226 1191 3317 spoliat.
1266 3246 1272 3267 t

28 3392 33 3399 .
85 3326 266 3396 Tentavel
282 3330 452 3397 mobilitas
469 3329 624 3414 militum,
650 3330 706 3397 vel
721 3331 878 3397 fortunae
890 3330 1030 3398 varietas
1046 3338 1127 3417 erat,
1155 3339 1241 3403 utta

84 3429 229 3500 vicissim
242 3454 372 3522 reges,
387 3455 476 3501 nunc
491 3433 637 3517 exsules,
664 3456 754 3503 nunc
775 3456 874 3526 reges
886 3432 1087 3505 viderentur.

136 3533 224 3603 Gar.
249 3535 313 3603 111.
363 3536 473 3629 Igitur
491 3536 706 3620 Alexander,
733 3560 836 3625 quum
861 3538 953 3606 exsul
971 3538 1013 3603 ad
1036 3540 1189 3615 Acarna÷
1219 3550 1235 3610 1

11 3650 19 3661 '
83 3659 144 3737 nas
157 3637 384 3730 confugisset,
408 3662 476 3707 non
492 3641 623 3707 minore
637 3640 855 3730 Epirotarum
872 3640 1060 3731 desiderio,
1086 3665 1190 3730 (luam

11 3782 14 3787 -
64 3742 254 3811 sociorum
267 3742 389 3819 auxilio
409 3744 445 3811 in
463 3766 608 3834 regnum
626 3744 816 3813 restituitur.
867 3744 1039 3815 Paridem
1057 3753 1239 3836 tempus-2
1303 3802 1307 3811 .

81 3866 143 3913 rex
154 3844 363 3943 Cyrenarum
379 3847 504 3939 Megas
518 3834 672 3915 decedit:
698 3847 754 3934 qui
777 3855 853 3922 ante
873 3848 1099 3924 infirmitatem
1117 3849 1189 3916 Be-

13 3962 33 4023 j·
82 3950 223 4017 ronicen
243 3951 377 4019 unicam
395 3952 519 4034 filiam,
547 3950 591 4017 ad
604 3951 751 4018 finienda
768 3974 846 4019 cum
863 3952 1061 4021 Ptolemaeo
1083 3952 1188 4019 fratre

38 4122 42 4129 ,
81 4044 284 4136 certamina,
307 4054 379 4120 filio
397 4040 465 4122 eius
482 4054 720 4145 desponderat.
759 4054 830 4122 Sed
847 4065 925 4144 post
940 4064 1084 4123 mortem
1097 4056 1186 4147 regis
1215 4068 1235 4129 3

18 4162 44 4243 ᾖ
81 4156 334 4248 matervirginis
341 4158 493 4241 Arsinoe,
510 4167 546 4233 ut
558 4158 705 4225 inritase
721 4168 928 4231 contractum
937 4161 1189 4247 matrimonium

82 4250 288 4346 solveretur,
315 4263 405 4329 misit
419 4262 478 4350 qui
491 4262 536 4328 ad
552 4262 684 4352 nuptias
704 4262 860 4353 virginis,
886 4284 1099 4353 regnumque
1118 4263 1189 4351 Cy-

83 4387 254 4461 renarum,
281 4365 491 4435 Demetrium
505 4365 645 4435 fratrem
660 4367 751 4459 regis
767 4366 928 4460 Antigoni
946 4391 965 4437 a
981 4366 1187 4436 Macedonia
1243 4438 1248 4449 ,
