2692 4718
304 181 490 322 utsuotd
514 254 600 322 otu
621 253 763 321 XXXIV.
781 254 879 323 CAP.
900 258 933 324 8.
1130 260 1220 337 'SAL
1286 330 1289 339 ,

51 413 185 507 templo
212 396 360 487 exercitu
381 412 582 509 deportato,
607 420 643 483 et
661 414 818 484 omnibus
842 419 976 485 menne
1001 412 1155 507 provisis,

15 610 17 617 Ι
51 517 232 612 pugnandi
248 518 384 611 copiam
394 517 550 588 hostibus
562 516 654 587 iecit.
704 514 938 603 SedAchaei‚
962 517 1056 587 velut
1069 517 1154 587 nihil
1182 527 1204 589 ι

50 622 184 715 negotii
197 621 355 691 Romano
371 621 466 690 bello
486 619 723 712 suscepissent,
748 621 796 689 ita
808 620 903 713 apud
925 641 984 690 eos
997 623 1156 714 neglectu

51 724 169 795 omnia
193 734 227 796 et
248 723 358 794 solnta
385 723 491 795 fuere
516 723 662 813 ltaque
682 724 866 817 praedam,
891 746 961 793 non
984 726 1157 816 proelium
1184 733 1205 795 3

51 810 257 922 cogitantes,
283 834 318 897 et
340 824 497 897 vehicula
510 825 557 894 ad
576 826 689 920 spolia
709 824 857 897 hostium
869 828 1076 922 reportanda
1090 826 1158 896 dn-

50 939 193 1017 xerunt,
222 940 257 1000 et
269 931 435 1024 coniuges
457 930 650 1020 liberosque
668 952 746 1001 suos
766 930 812 999 ad
832 931 1065 1023 spectaculum
1081 952 1159 1000 cer-

51 1034 187 1106 taminis
208 1032 244 1102 in
263 1035 431 1103 montibus
463 1042 660 1126 posuerunt.
712 1033 784 1104 Sed
807 1034 940 1127 proelio
967 1055 1160 1119 commisso,
1186 1043 1208 1106 4
1246 1032 1248 1037 ’

53 1147 136 1209 ante
164 1137 283 1206 oculos
306 1158 446 1206 suoram
465 1137 572 1224 coesi,
601 1136 750 1229 lugubre
770 1135 825 1205 his
850 1140 1099 1230 spectaculum,
1126 1145 1161 1206 et

42 1251 202 1337 gravem·
220 1240 330 1311 luctus
346 1241 547 1310 memoriam
566 1240 805 1330 reliqnemnt
835 1239 1008 1333 Coniuges
1024 1262 1164 1331 quoqne
1188 1245 1210 1313 6
1235 1298 1239 1311 .

53 1342 223 1433 liberique
244 1334 381 1441 eorum,
413 1342 459 1413 de
482 1344 728 1465 spectatoribus
755 1343 880 1436 captivi
907 1343 1004 1434 iacti,
1028 1343 1160 1438 praeda
1309 1342 1310 1349 '

47 1448 208 1519 hostium
237 1445 344 1518 fuere.
395 1445 523 1516 Urbs
513 1469 589 1538 rpsa
615 1445 800 1517 Corinthus
822 1446 978 1516 diruitur·
1010 1447 1160 1540 populus
1188 1452 1210 1518 6

55 1550 167 1622 omnis
180 1550 242 1619 suh
258 1570 385 1631 corona
400 1550 571 1619 venditur:
595 1559 634 1619 nt
646 1548 717 1620 h'oc
732 1551 890 1643 exemplo
906 1550 1025 1620 ceteris
1042 1549 1161 1622 civita-

54 1656 148 1725 tibus
161 1660 270 1723 metus
285 1675 447 1722 novarum
464 1676 576 1722 rernm
590 1652 804 1737 incuteretur,
837 1652 929 1721 D'um
944 1652 1034 1725 haec
1049 1674 1160 1748 agun-
1186 1661 1209 1722 7

55 1768 133 1844 tur,
156 1777 217 1825 rex
229 1754 348 1846 Syriae
365 1755 554 1826 Antiochus
566 1757 785 1842 Ptolemaeo,
810 1756 929 1825 maiori
946 1756 1067 1825 sororis
1081 1777 1160 1824 suae

58 1861 152 1944 titio,
176 1858 253 1949 regi
274 1859 446 1951 Aegypti,
462 1859 603 1941 ¹bellurn
627 1859 745 1945 infert,
762 1859 869 1952 segni
893 1859 1100 1947 admodum,
1126 1866 1162 1927 et

10 2018 16 2029 .
58 1962 259 2054 quotidiana
271 1961 403 2031 luxuria
414 1961 461 2029 ita
474 1961 646 2049 marcenti,
670 1971 709 2031 nt
720 1983 789 2031 non
804 1963 915 2032 solum
927 1963 1044 2055 regiae
1055 1961 1163 2030 maie-

61 2066 154 2137 statis
172 2063 287 2133 officia
301 2064 550 2152 intermitteret,
576 2087 692 2135 verum
714 2066 814 2135 etiam
836 2089 934 2136 sensu
947 2065 1094 2134 hominis
1111 2065 1163 2132 ni-

13 2256 17 2263 ,
51 2169 132 2242 'mia
148 2167 267 2260 sagina
280 2177 420 2239 careret.
462 2168 605 2237 Pulsus
595 2169 701 2262 rgitur
715 2191 823 2261 regno
840 2170 886 2238 nd
900 2169 1039 2239 fratrem
1053 2170 1170 2238 mino·
1191 2176 1214 2240 8

51 2261 137 2355 [rem
159 2271 393 2363 Ptolemaeum
417 2271 658 2341 Alexandriam
682 2272 856 2365 confugit,
890 2273 1201 2364 participatoqne

63 2399 144 2450 eum
158 2396 202 2444 ao
216 2397 337 2469 regno,
354 2373 487 2468 legatos
500 2375 649 2444 Romam
667 2375 714 2443 nd
726 2386 877 2445 senatum
892 2377 1148 2461 mittunt,anrn

63 2472 110 2549 lia
127 2484 265 2571 petant,
290 2478 397 2548 fidem
415 2477 583 2551 societatis
605 2478 798 2572 implorant.
849 2477 994 2549 Movere
1015 2464 1166 2548 senatum

63 2604 185 2677 preces
196 2580 349 2652 fratrum.

117 2717 206 2791 Gur.
229 2717 293 2786 111.
342 2715 489 2787 Mittitur
510 2718 623 2813 itaque
642 2718 776 2813 legatus
797 2718 950 2811 Popilius
974 2718 1018 2813 nd
1041 2715 1164 2787 Antio·
1195 2724 1227 2788 1·

67 2820 191 2912 chum,
217 2823 277 2911 qul
291 2818 468 2890 obstinere
482 2821 583 2891 illam
603 2821 786 2916 Aegypto,
812 2819 906 2908 aot,
919 2823 951 2892 si
965 2824 1039 2891 iam
1054 2823 1168 2890 inces-

66 2926 185 3013 sisset,
211 2925 387 3016 excedere
406 2925 549 3009 iuberet
601 2927 717 3012 Quum
736 2926 771 2993 in
788 2928 951 3019 Aegypto
975 2947 1053 2994 eum
1072 2925 1169 2992 inve·
1195 2930 1219 2993 2

67 3028 186 3114 nisset,
214 3029 434 3117 osculumque
454 3029 486 3096 ei
501 3050 561 3096 rex
582 3029 770 3108 obtulisset3
796 3029 891 3121 (narn
915 3029 1067 3100 coluerat
1084 3027 1171 3094 inter

68 3140 199 3204 ceteros
220 3131 393 3222 Popilium
413 3130 620 3216 Antiochus,
645 3154 752 3221 quum
767 3132 902 3199 Rornae
924 3132 1023 3199 obses
1049 3128 1169 3225 essct3)

68 3233 325 3326 tuncPopilius
344 3231 525 3324 facessere
538 3233 679 3302 interim
694 3223 882 3325 privatam
903 3234 1100 3303 amicitiam
1115 3231 1169 3313 iu-

14 3416 19 3427 Ι
68 3328 148 3425 het,
180 3359 288 3431 qaum
314 3336 493 3406 mandata
517 3337 667 3430 patriae
695 3337 935 3406 intercedant:
965 3335 1171 3428 prolatoque
1198 3341 1220 3403 3

83 3632 86 3637 ,
141 3570 165 3641 §-
182 3572 209 3628 6.
227 3568 390 3625 subeamne
403 3568 539 3624 venditur.
573 3570 602 3625 8.
619 3566 666 3621 die
682 3571 812 3624 Anmerk.
830 3585 864 3623 uu
881 3573 958 3637 vul,
974 3569 1008 3638 3,
1025 3570 1054 3624 8.

141 3657 167 3726 §i
182 3658 209 3714 7.
229 3658 327 3710 maiori
341 3658 442 3710 sororis
458 3655 608 3725 suaefilio.
641 3653 692 3708 Ich
709 3654 782 3708 hehe
800 3655 845 3710 die
861 3658 959 3711 Leeart
974 3647 1226 3708 mehrererllsnd-

72 3742 212 3798 schriften
229 3737 402 3803 aufnehmen
418 3755 453 3795 eu
470 3738 583 3794 mlieren
599 3740 748 3812 geglruht3
767 3739 811 3794 die
829 3741 1021 3814 gewdhnliche
1037 3739 1161 3795 maioris
1178 3730 1228 3791 ιιι-’-
1256 3758 1259 3775 ¹

16 3844 25 3877 ι
72 3833 145 3886 roris
159 3829 314 3899 ruaefilio,
331 3825 368 3880 ist
384 3844 436 3880 aus
451 3827 542 3881 einem
559 3825 626 3880 sehr
640 3826 772 3898 hiufigen
784 3827 885 3882 Fehlsr
902 3824 952 3883 der
967 3826 1152 3893 Abechreiber
1166 3832 1229 3876 ent·

72 3912 200 3968 standon.
242 3917 268 3967 S.
287 3913 332 3966 die
349 3918 477 3970 Aramerk.
494 3930 529 3965 en
543 3912 663 3973 XXVII,
680 3915 714 3979 3,
734 3917 785 3970 12:
811 3918 891 3988 quasi
907 3929 935 3969 et
950 3908 1090 3987 germania
1109 3914 1227 3989 casibus.

45 3992 49 4007 '
72 4032 108 4043 -
131 4000 228 4052 Dieser
241 3999 433 4068 Ptolemaeus,
456 4000 511 4052 mit
528 3999 593 4052 dem
613 3998 761 4052 Beinamen
780 4000 968 4066 Philometor,
993 4015 1052 4051 war
1070 3999 1121 4050 der
1140 3997 1233 4050 liltore

74 4085 167 4151 Sohn;
192 4084 243 4137 der
266 4085 387 4156 Jiingere
410 4085 508 4138 fiihrte
537 4086 582 4138 die
601 4085 753 4139 Beinamen
771 4088 911 4157 Euergeta
928 4082 985 4137 und
1004 4082 1147 4152 Physkon3
1174 4081 1229 4134 den

73 4173 195 4226 lstztern
210 4188 309 4243 wegen
325 4173 417 4226 seiner
433 4171 535 4244 Dicke,
558 4172 680 4227 weshalb
699 4173 747 4228 das
763 4172 826 4226 hier
843 4187 910 4226 vom
922 4169 1009 4225 lustin
1018 4170 1137 4247 Gesagte
1147 4167 1230 4222 mehr

74 4259 127 4314 eui
143 4258 193 4311 ilm
208 4265 291 4328 paret.
