2692 4718
28 208 34 221 ο
162 274 224 339 186
526 300 529 305 ·
597 261 869 325 IUSTUM

596 484 786 559 CAPUT
835 488 862 557 1.

165 639 182 699 t
212 586 456 696 Anxurnas
467 626 502 692 iu
514 624 749 716 persequendo
762 625 867 692 llario
887 608 1158 695 amissos'muites
1174 626 1307 719 magnis

210 732 366 798 funerum
387 729 543 819 impensis
560 726 692 808 ex'tulit3
716 726 853 815 reliquis
872 727 1092 818 expeditionis
1112 728 1185 797 eius
1207 729 1307 799 sociis

162 845 186 906 2
211 833 374 902 tredecim
403 832 508 903 millia
532 829 693 898 talentum
720 830 839 899 divisit.
887 832 1065 920 Equorum
1091 832 1201 899 maior
1228 840 1340 921 part·¹

157 984 164 999 .
211 945 304 1004 aestu
330 936 466 1017 amissa,
491 934 687 1021 inutilesque
712 936 830 1017 etiam,
856 935 914 1021 qui
935 934 1186 1024 superfuerant,
1213 934 1325 1005 facti..

134 1072 137 1077 ·
160 1050 182 1111 3
210 1038 356 1109 Pecunia
370 1038 476 1137 pinnis
492 1046 624 1104 centum
637 1038 820 1129 nonaginta
834 1038 940 1105 millia
954 1036 1114 1104 talentrim
1128 1038 1305 1105 Ecbatana

160 1150 183 1213 4
210 1151 400 1229 congesta,
419 1140 517 1229 eique
536 1141 712 1208 Parmenio
727 1142 945 1232 praepositus.
979 1140 1069 1207 Dum
1089 1140 1179 1209 lrae‘c
1194 1162 1303 1233 agun-

209 1246 283 1328 tur,
304 1243 465 1334 epistolae
479 1243 645 1334 Antipatri
661 1267 681 1310 e
694 1243 896 1313 Macedonia
911 1245 943 1312 ei
957 1243 1164 1327 redduntur,
1183 1244 1303 1333 quibua
1338 1312 1340 1319 ,

208 1348 339 1417 bellum
359 1347 497 1439 Agidis,
531 1348 621 1438 regis
642 1349 903 1437 Spartanorum,
927 1348 962 1413 in
981 1346 1143 1427 Graecla3
1173 1346 1302 1435 bellum

208 1450 414 1536 Alexandri,
445 1450 534 1543 regis
560 1450 676 1541 Epiri,
708 1451 743 1517 in
772 1446 886 1530 ltalia3
926 1448 1057 1528 bellum
1087 1444 1324 1541 Zopyriouis,x

160 1557 180 1629 6
207 1555 372 1646 praelecti
394 1555 485 1638 eius,
510 1555 544 1621 in
573 1553 729 1644 Scythia,
766 1554 1024 1633 continebatur„
1056 1553 1189 1638 Quibus
1211 1554 1300 1623 vario

208 1659 367 1742 affectus,
392 1660 471 1749 plus
491 1667 603 1733 tamen
627 1659 775 1724 laetitiae
798 1658 943 1749 cognitis
965 1657 1130 1725 mortibus
1148 1657 1300 1725 cumn

207 1758 415 1832 aemulorum
437 1783 577 1852 regum,
604 1783 706 1849 quam
723 1760 849 1827 doloris
872 1760 982 1830 amissi
1005 1760 1300 1853 cuprzopyrione

157 1874 180 1937 6
208 1867 387 1947 exercitus,
415 1865 515 1955 cepit.
567 1856 723 1950 Namque
742 1872 821 1953 post
844 1862 1093 1955 profectionem
1117 1862 1301 1933 Alexandri

207 1967 353 2037 Graecia
365 1967 472 2039 ferme
484 1967 592 2035 omnis
606 1967 641 2033 iu
658 1967 868 2035 occasionem
883 1966 1124 2057 reciperandae
1139 1966 1301 2037 libertatis

157 2080 179 2140 7
206 2071 251 2138 ad
272 2093 365 2137 arma
381 2077 612 2153 concurrerat,
637 2070 868 2140 auctor‘datem
882 2070 1233 2140 lacedaemoniorum
1249 2094 1302 2138 se-

137 2212 143 2235 ,
206 2184 302 2257 eutr,
325 2175 385 2263 qui
399 2173 553 2264 Philippi
569 2173 820 2263 Alexandrinae
835 2183 869 2241 et
883 2188 1004 2265 paceni
1018 2175 1081 2242 seli
1095 2182 1301 2264 spreverant,
1327 2182 1331 2197 “

156 2284 177 2348 8
205 2286 239 2345 et
252 2277 348 2368 leges
363 2286 567 2368 respuerant
602 2266 697 2345 'Dux
710 2276 809 2345 buius
823 2276 904 2345 belli
918 2276 1023 2369 Agis,
1049 2298 1109 2344 rex
1122 2276 1302 2348 Lacedae-

204 2381 392 2449 moniorum
414 2382 496 2449 fuit:
521 2402 623 2470 quem
646 2382 991 2471 motum'Antipater,
1017 2380 1197 2457 contractis
1212 2380 1303 2449 mili-

155 2494 176 2555 9
205 2485 310 2570 tibus,
331 2485 452 2576 inipso
466 2494 542 2552 ortu
558 2484 735 2574 oppressit
764 2483 896 2574 Magna
910 2494 1022 2553 tamen
1035 2484 1204 2573 utrimque
1221 2506 1303 2553 cae·-

157 2586 265 2659 todes
279 2586 351 2654 fuit.
400 2589 487 2679 Agis
502 2610 580 2673 rex,
609 2608 714 2674 quum
728 2610 805 2654 suos
815 2598 914 2678 terga
927 2586 1049 2655 dantes
1070 2584 1220 2673 rideret,
1246 2584 1303 2653 di·

168 2716 173 2725 ·
203 2689 308 2758 missis
332 2691 543 2775 satellitibus,
578 2698 614 2756 ut
643 2690 840 2757 Alexandro
868 2690 1048 2774 felicitate,
1081 2710 1151 2757 non
1179 2688 1303 2757 virtute

201 2792 341 2860 inferior
371 2792 555 2877 videretur,
588 2800 714 2860 tantam
745 2804 890 2885 stragem
918 2792 1067 2865 hostium
1095 2790 1224 2876 edidit,
1262 2798 1302 2859 ut

156 2896 339 2987 tlagmina
351 2895 518 2965 interdum
534 2896 679 2985 fugaret
731 2893 792 2967 Ad
807 2908 1036 2988 postremum,
1062 2896 1123 2967 etsi
1137 2918 1162 2965 a
1181 2894 1301 2967 rnulti·

202 3000 318 3069 tudine
335 2999 457 3086 victus,
476 2999 586 3091 gloria
600 3008 712 3066 tamen
724 3022 839 3070 omnes
854 3002 943 3073 vicit.
1325 3000 1330 3005 ’

181 3130 198 3190 1
256 3118 341 3188 Car.
368 3120 411 3187 ll.
463 3121 571 3193 Porro
595 3119 806 3204 Alexander,
840 3144 900 3189 rex
923 3119 1039 3213 Epiri,
1068 3118 1103 3185 ln
1124 3092 1303 3211 Italiunla'¹

201 3222 406 3308 Tarentinis,
433 3225 552 3291 auxilia
567 3222 723 3293 adsersus
737 3226 887 3293 Bruttios
903 3224 1176 3317 deprecantibus,
1202 3220 1306 3295 sulib.

128 3384 133 3393 .
202 3325 338 3413 citatus,
369 3328 417 3395 ita
439 3326 565 3419 cupide
588 3328 763 3419 profectus
793 3331 921 3415 fuerat,
952 3327 1057 3399 veluti
1077 3326 1113 3393 in
1136 3323 1302 3395 divisione

643 3544 710 3606 Lib.
731 3544 790 3609 ΧΠ
834 3572 837 3577 ·

220 3658 287 3714 Car.
303 3660 325 3712 1.
342 3660 365 3728 §-
380 3660 405 3716 5.
425 3646 504 3733 repit.
536 3660 569 3712 ln
586 3659 640 3713 den
656 3662 869 3733 gewiilmliclren
881 3664 1026 3737 Ausgaben
1044 3660 1132 3717 findet
1147 3658 1206 3713 riclr
1222 3656 1302 3715 aaut:

149 3747 195 3802 dic
211 3750 308 3800 Lesart
324 3752 442 3820 suscepit
459 3747 672 3818 lortgepflsnzt,
688 3750 794 3804 welche
812 3752 892 3806 nicht
908 3752 993 3806 allein
1011 3750 1055 3803 die
1073 3744 1301 3811 Handsclrrr'lterr,

148 3834 269 3887 sondern
287 3833 360 3887 auch
377 3833 428 3887 der
445 3834 693 3903 spracbgebrauch
711 3840 877 3898 verwerfen.
911 3840 945 3892 ln
962 3837 1077 3891 wieiern
1095 3851 1161 3888 man
1178 3850 1233 3886 nur
1250 3836 1302 3889 dc-

150 3923 232 3976 lorem
248 3926 383 3995 suscipere
399 3938 484 3991 rugen
502 3919 611 3986 kiinne,
630 3920 706 3973 lelrrt
725 3923 768 3975 die
791 3927 874 3978 stelle
892 3926 938 3978 bei
958 3930 1012 3979 Cic.
1030 3929 1109 3979 Ture.
1122 3922 1152 3988 1,
1169 3918 1214 3985 46,
1231 3920 1300 3975 111:

148 4008 279 4062 Nostrum
289 4012 359 4062 enim
372 4022 506 4063 cenosam
519 4008 604 4061 nausa
621 4019 837 4077 susceptum
856 4012 1018 4064 dolorem
1035 4013 1138 4065 modice
1150 4008 1229 4080 ferre
1240 4008 1301 4071 :de-

149 4094 247 4146 bemur.
281 4095 413 4167 Dagegen
429 4100 499 4149 Iurt.
516 4094 566 4160 VI,
581 4096 608 4161 5,
627 4097 660 4148 8:
675 4098 739 4166 pius
756 4114 847 4153 tomen
864 4103 997 4154 tristitiae
1010 4102 1068 4171 ipse
1088 4118 1123 4151 es
1140 4099 1255 4149 incensa
1271 4108 1305 4147 er·

150 4179 243 4232 diruta
261 4200 280 4233 a
293 4184 516 4237 Lacedaemoniis
527 4184 640 4253 patria,
658 4202 745 4254 quone
763 4188 889 4242 laetitiae
903 4208 937 4242 ex
948 4192 1103 4259 reciperata
1114 4194 1301 4256 potetatem

41 4284 47 4293 .
149 4270 292 4337 ampotis,
312 4267 429 4337 cepit;
447 4266 535 4337 rergl.
552 4267 590 4328 Χὲ
608 4271 633 4333 1,
649 4269 676 4321 ³·
