2692 4718
145 298 212 363 410
594 288 870 352 lUS'l'llll

197 450 267 517 rita
283 444 435 519 carentia
453 446 490 514 in
509 445 721 538 profundum
739 452 954 538 merguntur3
975 467 1041 517 nec
1059 447 1237 516 materiam
1249 449 1311 518 ul-

147 564 169 629 8
198 555 268 621 lam
283 550 438 635 sustinet,
462 551 527 618 nisi
540 572 630 639 quae
642 550 790 618 alumine
800 550 958 622 illinatnr.
998 550 1151 619 Primum
1164 553 1310 639 Xerxen,

197 678 257 725 rex
269 656 465 739 Persarum,
490 653 637 722 ludaeos
650 652 800 722 domuit:
827 662 947 744 postca
961 676 1040 723 cum
1054 656 1135 747 iptio
1144 656 1256 723 Persis
1269 658 1309 725 in

196 760 363 827 ditionem
383 758 570 826 Alexandri
596 756 721 849 Magni
741 778 882 843 venere,
915 758 1045 847 dinque¹
1071 760 1109 826 in
1134 768 1309 850 potestate

143 874 166 937 9
195 862 417 931 Macedonici
435 862 569 951 imperii
586 861 730 931 subiecti
743 861 864 950 Syriae
884 884 994 953 regno
1016 863 1123 931 luere.
1172 864 1208 931 A
1229 864 1308 933 De-

180 950 317 1034 metrio
347 986 452 1055 quum
480 964 716 1051 doecirisrent‚
748 965 895 1035 amicitia
922 968 1156 1034 Romanorum
1180 967 1306 1058 petita,

193 1070 298 1162 primi
312 1070 463 1137 omnium
477 1091 519 1136 ex
526 1068 757 1139 Orientalibus
769 1069 962 1138 libertatem
975 1081 1186 1161 receperunt,
1199 1070 1306 1141 facile

192 1186 275 1241 tunc
289 1174 451 1241 Romanis
469 1171 516 1241 de
529 1174 642 1241 alieno
657 1174 889 1267 largimtibur.

145 1288 163 1351 t
244 1276 334 1345 Car.
360 1278 420 1346 Ν.
471 1278 541 1345 l‘er
561 1278 685 1347 eadem
706 1290 881 1369 tempora,
907 1272 1303 1369 quibusinSyriaregni

193 1384 338 1449 mutatio
351 1384 439 1451 inter
453 1402 561 1453 novos
581 1404 682 1475 regor
701 1382 949 1469 alteraabatur,
972 1382 1009 1448 in
1022 1382 1105 1449 Asia
1117 1403 1178 1450 rex
1198 1382 1302 1450 Atta-

193 1482 247 1551 lus
270 1486 540 1555 florendssimum
562 1487 607 1554 ab
628 1478 784 1556 Eumene
801 1498 926 1577 patruo
947 1496 1126 1575 acceptum
1151 1507 1300 1576 regnum

192 1588 358 1657 caedibus
387 1592 574 1662 amicornm
600 1602 637 1659 et
662 1600 888 1683 cognatorum
917 1591 1091 1681 suppliciis
1121 1590 1308 1677 foedabat

191 1710 284 1759 nunc
309 1704 455 1763 matrem
480 1717 598 1779 anum,
622 1716 715 1764 nunc
732 1696 923 1763 Berenicen
945 1716 1105 1785 sponsam
1124 1693 1300 1762 maleficiis

142 1808 164 1869 2
192 1814 313 1861 eorum
329 1812 465 1865 necatas
478 1800 687 1889 contingens.
731 1800 814 1865 Post
825 1798 915 1867 hanc
929 1798 1106 1887 scelestam
1117 1796 1299 1865 violentiae

191 1897 341 1981 rabiem,
366 1902 556 1989 squalidam
572 1914 699 1967 restem
716 1902 832 1967 sumit:
857 1902 1000 1965 barbam
1015 1902 1249 1990 capillumque
1260 1901 1297 1967 in

191 2000 336 2068 modum
351 2026 488 2070 reorum
507 2005 688 2069 submittit:
712 2023 780 2067 non
793 2003 830 2066 in
843 2002 1021 2089 publicum
1042 2004 1201 2092 prodire,
1225 2027 1297 2071 non

191 2105 325 2194 populo
338 2128 375 2173 se
389 2105 577 2187 ostendere,
603 2126 671 2170 non
684 2103 778 2170 dorni
795 2103 936 2170 laetiora
950 2108 1213 2191 convincimur,
1237 2118 1296 2176 aut

192 2207 333 2295 aliquod
354 2210 488 2301 signnm
510 2209 580 2273 rani
599 2206 746 2274 hominis
771 2205 917 2292 habere,
942 2232 1081 2299 prorsus
1103 2221 1141 2278 ut
1164 2234 1295 2303 poenae

141 2333 163 2396 3
191 2312 344 2405 pendere
358 2315 510 2381 manibus
524 2311 778 2378 interfectorum
790 2311 971 2380 videretur.
1020 2314 1154 2382 Omissa
1167 2314 1293 2383 deinde

190 2417 287 2508 regni
307 2416 608 2498 administratione,
633 2413 753 2483 hortos
775 2416 949 2501 fodiebat,
975 2420 1132 2508 gramina
1147 2419 1292 2506 serebat,

191 2534 225 2591 et
237 2521 337 2589 noxia
355 2521 494 2589 innoxiis
519 2519 761 2608 permiscebat3
787 2542 895 2607 eaque
917 2524 1032 2588 omnia
1051 2524 1171 2589 veneni
1187 2545 1291 2593 succo

141 2648 164 2715 4
189 2626 331 2710 infecta,
356 2627 448 2692 velut
463 2622 635 2714 peculiare
651 2645 787 2707 munus,
813 2625 928 2692 amicis
942 2626 1105 2693 mittebat
1143 2628 1202 2694 Ab
1220 2626 1291 2697 hoc

189 2731 318 2815 studio,
344 2728 492 2796 aerariae
505 2727 583 2792 artis
601 2720 752 2794 fabricae
772 2749 809 2793 sc
827 2727 947 2810 tradit,
973 2731 1127 2817 cerisque
1148 2730 1290 2821 lingen-

143 2856 164 2925 5
193 2840 255 2921 dis,
270 2844 302 2903 et
316 2857 395 2902 aere
407 2830 584 2900 fundendo
597 2829 891 2921 procudendoque
906 2830 1150 2905 oblectabatur.
1183 2833 1298 2901 Matri-

141 3102 186 3147 ffl
201 3079 311 3133 Warser
327 3069 424 3121 rtehen
445 3067 503 3121 und
516 3068 668 3139 gleichsam
681 3064 764 3119 einen
780 3070 830 3120 See
842 3068 947 3121 bilden.
981 3068 1138 3122 Transitirc
1155 3086 1212 3122 von
1225 3070 1289 3123 dem

142 3178 267 3235 φηςι,
286 3157 405 3212 welches
426 3157 471 3209 ein
488 3155 568 3210 Land
589 3153 838 3225 iiberachwemmt,
866 3174 910 3209 tvo
934 3172 1067 3229 stagnare
1082 3174 1220 3226 synonym
1237 3158 1290 3211 mit

144 3260 272 3327 mam
289 3248 342 3311 irt;
373 3245 460 3298 daher
479 3251 557 3318 ripae
576 3256 725 3316 stagnatae
742 3241 787 3294 dia
803 3242 1077 3297 iiberechwcmmtan
1097 3244 1173 3298 Uter.
1207 3245 1288 3299 Nach

144 3356 205 3409 Μ
222 3339 293 3393 oben
310 3335 449 3401 Gepagten
465 3331 571 3382 konnte
588 3334 679 3384 Iustin
705 3329 778 3381 auch
797 3346 882 3401 regen
905 3350 980 3403 aqua
999 3337 1086 3385 omnir
1100 3347 1215 3403 stagnat
1221 3354 1233 3395 ,-
1257 3349 1288 3385 er

234 3426 300 3479 aber
316 3414 536 3469 nachdriicklicb
555 3438 629 3489 aqua
641 3432 789 3487 stagnatur
804 3439 848 3486 re,
870 3417 995 3469 insofcrn
1018 3418 1081 3471 eine
1103 3418 1208 3469 andere
1226 3418 1288 3471 dik-

147 3534 208 3587 km
223 3504 384 3576 Flfirrigkeit
404 3502 452 3555 das
472 3503 591 3555 Fluthen
608 3501 657 3554 der
674 3505 781 3555 Meerer
796 3504 915 3557 hemmt.
956 3505 1048 3557 Ueber
1070 3519 1203 3577 stagnare
1219 3522 1287 3559 rer-

146 3605 247 3693 ‘luith‘
268 3600 376 3649 Gronov
396 3606 430 3641 zu
450 3594 523 3646 Stat.
538 3592 606 3645 Sila.
617 3592 669 3655 Ill,
687 3592 714 3654 2.
731 3611 761 3663 p.
776 3590 829 3644 286
842 3607 900 3661 seq.
936 3595 967 3644 Τ.
980 3594 1003 3653 l·
1019 3593 1061 3644 ed.
1074 3594 1165 3646 Hand.

209 3707 271 3759 car.
291 3698 336 3749 lv.
357 3694 380 3761 ᾗ,
397 3694 424 3747 3.
444 3696 570 3764 gramina
586 3696 703 3748 terebat.
738 3698 775 3746 So
792 3694 870 3745 lesen
888 3709 982 3744 auster
995 3692 1049 3744 den
1064 3692 1148 3747 Codd.
1162 3694 1286 3747 Fuldcn·

149 3822 187 3867 μ
199 3787 272 3851 „och
287 3782 356 3835 nehn
376 3780 480 3833 andere
498 3780 730 3849 Handrchrilten‚
748 3779 840 3834 denen
856 3779 901 3832 die
914 3779 1059 3839 Krakauer
1074 3780 1191 3834 beitritt.
1228 3781 1285 3834 Ge·

23 3936 26 3947 ,
143 3874 274 3953 ,fflich
292 3867 361 3922 wird
377 3870 528 3922 seminabat
548 3868 667 3939 geleserr.

19 4014 22 4021 ,
206 3959 270 4041 μ.
290 3959 410 4027 cerisque
418 3958 571 4028 fingendis.
607 3961 689 4009 Cerae
710 3953 772 4007 aiud
797 3955 903 4021 Bilder,
924 3951 1031 4004 welche
1048 3970 1097 4005 aur
1113 3954 1218 4007 Wachr
1235 3972 1285 4025 gc·

147 4088 154 4105 ,
253 4041 385 4107 wurden‚
405 4042 486 4094 nicht
504 4042 753 4112 Wacbrgemiilde,
778 4041 830 4093 nie
851 4040 901 4092 der
920 4040 1064 4093 Aurdrnck
1081 4042 1187 4112 fingere
1203 4041 1284 4092 deut·

139 4072 295 4225 mgr,
313 4128 432 4181 welches
443 4129 594 4182 beronders
606 4147 662 4183 ron
677 4130 798 4201 T'dpier·
812 4127 871 4180 und
883 4126 1111 4179 Wachearbeiten
1129 4126 1286 4196 gebraucht

141 4234 221 4311 a*
248 4220 472 4277 arietariam
490 4221 569 4270 ovid.
585 4221 660 4271 Faat.
673 4219 700 4280 l,
719 4218 777 4272 158.
818 4212 913 4283 Vergl.
931 4214 1143 4279 Iuvenal.V111,
1161 4215 1208 4269 19:
1233 4237 1284 4269 ex-

143 4329 236 4405 &w
247 4308 365 4377 undique
382 4319 489 4355 cerae
508 4308 592 4359 atria·
628 4305 708 4358 ovid.
722 4306 796 4357 Fart-
812 4304 824 4353 Ι
831 4340 840 4370 ,
858 4301 924 4355 591:
943 4300 1056 4369 Perlege
1071 4301 1221 4370 dispositae
1234 4324 1283 4371 ge-

231 4498 456 4682 f.
