2692 4718
157 130 269 179 1¹·
872 186 875 191 ,

122 276 188 346 sas
290 250 294 264 '
494 304 497 315 ,
567 271 900 374 lusurus

89 371 97 391 ’
457 400 463 415 “
572 414 842 543 cluunt.

124 597 142 659 1
209 625 232 670 n
249 599 397 693 enercitu
414 599 590 693 Philippi,
617 599 714 670 sicuti
729 600 841 699 variae
863 606 981 694 gentes
998 607 1110 688 erant,
1136 602 1206 689 ita,
1234 625 1281 672 eo

123 717 145 776 2
173 707 307 791 occiso,
326 706 457 802 *diversi
480 716 591 773 motus
612 704 800 773 animorum
819 705 926 784 fuere.
978 706 1047 775 Alii
1070 706 1203 799 quippe
1222 706 1293 775 in·-

172 809 258 877 iusta
282 807 636 900 servituteoppressi,
664 807 709 876 ad
730 831 827 901 spem
844 832 879 877 se
901 809 1064 907 libertatis
1080 810 1281 901 erigebant:

123 922 145 983 3
175 913 250 998 alii,
276 912 391 981 taedio
407 913 615 1005 longinquae
634 910 784 998 militiae,
811 912 981 980 remissam
995 912 1058 980 sibl
1081 913 1280 1005 expeditio·
1323 962 1328 970 -

120 1027 146 1086 4
173 1039 253 1084 nem
272 1016 486 1108 gaudebant:
512 1014 664 1083 nonnulli
680 1013 825 1101 facem„
837 1016 961 1107 nuptiis
981 1016 1071 1085 filiae
1084 1036 1279 1103 accensam,

124 1125 146 1192 5
172 1141 262 1210 rogo
281 1120 385 1212 patris
405 1119 574 1188 subditam
596 1117 770 1185 dolebant.
822 1117 961 1188 Amicos
977 1108 1113 1209 quoque
1128 1129 1201 1189 tam
1217 1143 1281 1189 su·

145 1234 147 1238 ’
173 1223 246 1290 bita
259 1223 443 1311 mutatione
457 1244 570 1291 rerum
590 1219 686 1288 hand
711 1218 894 1293 mediocris
910 1231 1018 1292 metus
1029 1231 1192 1315 ceperat,
1217 1247 1280 1292 re-

172 1332 332 1417 putantes
355 1349 445 1396 nunc
468 1323 842 1420 provocatamAsiam3
874 1316 963 1396 nunc
984 1327 1162 1418 Europam
1186 1349 1290 1413 uon-1

125 1439 147 1502 6
176 1429 259 1497 dum
275 1430 521 1522 perdomitam:
546 1451 635 1497 nunc
651 1427 804 1518 Illyrios,
832 1436 865 1495 et
879 1429 1035 1498 Thracas
1046 1472 1070 1520 ,ι
1084 1439 1118 1500 et
1137 1430 1279 1517 Darda-

132 1567 142 1575 ·>
174 1553 263 1617 nos‚·
290 1542 486 1623 ceterasque
508 1532 668 1601 barbaras
692 1539 810 1623 gentes
828 1532 911 1600 fidei
929 1533 1073 1618 dubiae,
1100 1542 1134 1603 et
1152 1536 1279 1603 mentis

105 1676 113 1687 »
173 1637 319 1718 infidae3
345 1639 404 1726 qui
420 1659 536 1704 omnes
550 1634 675 1727 populi
698 1636 725 1704 si
745 1635 872 1725 pariter
895 1635 1071 1721 deficiant,
1097 1637 1165 1704 sisti
1179 1630 1279 1706 nullo

124 1749 147 1811 7
155 1808 158 1813 ,
174 1740 281 1809 modo
296 1763 407 1831 posse.
460 1739 565 1827 Queis
586 1738 686 1807 rebus
699 1739 803 1806 veluti
816 1739 953 1807 medela
974 1736 1146 1830 quaedam
1164 1739 1279 1809 inter-

35 1908 37 1913 .
124 1852 147 1913 8
174 1852 291 1910 ventus
306 1841 489 1911 Alexandri
509 1842 589 1922 sung
615 1842 674 1930 qui
690 1863 756 1931 pro
772 1832 936 1913 concione
958 1843 1005 1911 ita
1025 1844 1149 1936 vulgus
1172 1834 1277 1933 omne

166 1947 368 2015 'consolatus
381 1946 601 2033 hortatusque
616 1967 681 2034 pro
705 1952 860 2034 tempore
880 1956 947 2032 est,
966 1956 1011 2038 'ut
1031 1955 1065 2016 et
1084 1955 1213 2017 metum
1230 1949 1278 2017 ti-

125 2058 147 2120 9
174 2050 342 2143 mentibus
358 2048 521 2139 demeret,
538 2050 621 2117 etin
636 2071 732 2140 spem
749 2047 800 2115 sui
813 2070 931 2121 omnes
943 2051 1146 2143 impelleret.
1188 2037 1278 2145 Erat

534 2256 550 2261 ·-
624 2218 692 2280 Lib.
713 2217 767 2280 Xl.
880 2251 882 2255 ·

210 2310 277 2363 Cur.
294 2310 320 2366 Ι.
337 2310 401 2378 56.
426 2311 494 2363 sisti
507 2311 583 2363 nullo
598 2313 676 2363 modo
687 2324 777 2382 porse.
817 2306 883 2375 Auf
895 2310 976 2363 heina
992 2311 1034 2362 W
1031 2311 1086 2365 eise
1102 2302 1283 2363 kdhne'mn

118 2394 216 2468 scaren
231 2398 304 2448 Fuss
319 2397 424 2468 sassen
441 2396 467 2448 d.
491 2397 509 2448 i.
533 2397 666 2467 nirgends
681 2393 881 2465 Rettung‘und
900 2394 1056 2448 Sicherher't
1072 2394 1177 2449 finden.
1217 2394 1277 2448 Die

124 2480 202 2532 alten
220 2481 371 2552 Ausgahen
389 2481 463 2534 lesen
483 2480 695 2553 grb'sstentheils
712 2483 822 2545 resisti,
842 2479 963 2533 welches
984 2479 1086 2546 jedoeh
1106 2483 1219 2532 Gronov
1230 2490 1278 2533 ΙΙιι

123 2567 517 2633 niv..IV‚1s‚6mitneeht
537 2568 707 2632 verworfen,
733 2564 794 2618 und
818 2558 868 2616 die
887 2563 1000 2618 Formel
1022 2566 1088 2618 sisti
1105 2577 1198 2638 potest
1221 2562 1279 2619 mit

124 2649 218 2702 rielen
231 2643 386 2720 Beispielen
402 2651 536 2704 erliiutert
549 2653 613 2718 hat,
636 2652 682 2704 bei
698 2650 818 2705 welcher
830 2649 898 2701 eber
908 2648 1097 2729 keinesweges
1109 2649 1164 2703 mit
1178 2648 1278 2702 Schei-

125 2735 169 2787 ler
186 2735 227 2787 im
244 2736 368 2788 Lexicon
390 2754 435 2788 res
449 2740 563 2805 ergilnat
577 2736 690 2788 werden
704 2751 790 2789 muss.
818 2736 894 2788 ·Liv.
914 2736 996 2801 XLV,
1019 2735 1069 2805 192
1100 2736 1132 2787 ci
1151 2732 1279 2791 veredici
1313 2752 1318 2761 ·

125 2832 269 2873 externum
291 2821 391 2873 bellum
414 2822 565 2879 domestica
587 2822 687 2873 seditio
708 2821 873 2887 adiicietur,
895 2818 979 2872 sisti
999 2835 1070 2871 non
1090 2832 1211 2888 pone.
1253 2822 1260 2831 '

128 2924 138 2931 ·
212 2905 237 2972 5.
252 2894 280 2961 7.
301 2905 387 2973 Queis
408 2904 498 2959 rebus.
541 2905 605 2962 Alte
617 2908 702 2957 Form
716 2913 784 2957 statt
798 2904 897 2976 quibus
904 2945 914 2975 ‚
935 2903 1041 2956 welche
1056 2902 1155 2981 hsafig
1172 2900 1278 2974 getulus

14 3014 17 3019 ·
125 2988 180 3041 den
192 2987 271 3043 wind.
313 2990 491 3043 Zweifelhaft
510 2991 546 3043 ist
566 2991 612 3042 die
634 2989 853 3060 orthographie,
879 2989 915 3040 ob
934 3006 1002 3041 man
1018 2985 1086 3077 fluis
1106 2987 1175 3041 oder
1195 2988 1287 3059 queis„

125 3074 272 3127 schreihen
285 3078 386 3129 miisse.
433 3081 512 3139 Corte
531 3076 656 3130 andeli.
678 3078 742 3146 Ing.
758 3075 801 3139 80,
819 3073 835 3126 5
855 3073 981 3126 verwirlt
996 3076 1151 3139 Letateres,
1173 3071 1227 3124 wie
1242 3068 1280 3125 'ce

125 3159 251 3228 scherus,
272 3161 326 3213 mit
341 3160 441 3227 Recht,
462 3178 543 3213 wenn
558 3178 625 3213 man
638 3159 795 3230 vergleicht
807 3159 972 3233 Malaspinc
986 3176 1021 3212 zu
1037 3160 1092 3211 cic.
1108 3159 1147 3211 ad
1165 3159 1225 3210 An.
1239 3150 1289 3225 X(

127 3244 169 3298 11.
191 3245 287 3315 Vergl.
301 3246 439 3298 Drakenb.
455 3263 488 3299 au
502 3248 565 3307 Liv.
583 3249 669 3313 XXX,
684 3246 728 3311 25,
744 3244 770 3298 7.
1114 3242 1117 3247 ’

39 3330 49 3353 ”
148 3324 151 3331 ’
212 3330 236 3396 5.
253 3331 279 3383 8.
300 3332 482 3404 hortatusque
492 3328 544 3404 p'ro
560 3343 681 3404 tempore
695 3343 745 3382 est.
788 3329 813 3381 I.
830 3343 854 3381 e.
871 3339 902 3381 ut
920 3340 1027 3411 tempus
1040 3327 1117 3401 fert,
1133 3324 1277 3399 postulat:

126 3411 326 3485 Sall.1ug.49‚
338 3418 368 3470 6:
387 3436 482 3487 pauca
495 3433 559 3486 pro
577 3426 747 3485 ternpore
771 3415 872 3467 milites
885 3414 1025 3482 hortatus,
1039 3428 1081 3464 wo
1097 3417 1177 3466 corre
1186 3412 1282 3465 nech-
1297 3442 1305 3451 ·
1321 3410 1330 3419 “

124 3499 244 3553 nomnen
261 3499 306 3551 ist.
350 3502 443 3572 Vergl.
457 3501 601 3553 desselben
618 3501 773 3553 Gelehrten
787 3499 967 3570 Bemerlrung
982 3515 1016 3551 au
1031 3503 1092 3552 Oct.
1104 3498 1148 3564 80,
1167 3496 1204 3551 52
1228 3494 1281 3556 ir‘r·

125 3605 180 3659 que
192 3586 372 3655 permissum,
394 3590 439 3639 uti
454 3602 518 3655 pro
541 3595 706 3655 tempora
718 3579 812 3654 ‘atque
823 3585 949 3657 periculo
966 3587 1116 3637 exercitum
1134 3594 1283 3653 conspurc-

125 3682 199 3723 rent.
243 3670 336 3722 Dafiir
352 3680 415 3741 scgt
435 3674 512 3725 Suet.
534 3673 616 3723 Caes.
642 3671 692 3724 16:
714 3670 822 3722 &mum
844 3670 918 3722 elam
931 3669 1040 3739 refugit
1060 3682 1128 3736 pro
1149 3664 1284 3745 condi-

125 3757 234 3808 tione
256 3764 466 3824 temporum
481 3758 646 3828 qur'erurns3
668 3753 727 3808 und
743 3757 798 3809 Cic.
813 3756 850 3807 ad
867 3759 948 3807 Fam.
965 3756 1008 3818 VI,
1024 3752 1067 3817 13,
1077 3755 1120 3817 ,55
1138 3760 1204 3821 plo
1225 3766 1289 3803 ra«

125 3839 233 3892 tione
260 3849 465 3909 temporum
487 3844 530 3893 ita
556 3861 616 3897 esse
639 3841 771 3894 molstum.
803 3839 872 3897 ‘suf
887 3839 997 3911 gleiche
1016 3826 1111 3889 Weiss
1126 3837 1230 3890 Iastia.
1242 3836 1284 3903 11,

128 3930 155 3994 1,
177 3925 230 3987 123
252 3927 299 3992 VI,
322 3927 349 3994 3,
371 3926 405 3994 ὃς
427 3928 512 3994 XXV,
537 3927 562 3995 1,
589 3922 615 3980 4.
658 3925 751 3979 Ueber
771 3925 881 3981 hortari
897 3924 973 3978 siehe
992 3922 1036 3975 die
1051 3922 1177 3974 Anmcrk.
1192 3937 1228 3975 ιιι
1242 3920 1284 3990 11,

12 4028 17 4045 ι
127 4010 155 4079 ι,
176 4007 219 4066 rs.
295 4049 299 4056 .
1096 4048 1104 4069 ,

215 4106 248 4147 ut
263 4098 295 4148 in
306 4113 379 4166 spem
391 4099 437 4149 sui
448 4114 540 4149 omnes
562 4096 722 4166 impelleret.
753 4093 789 4148 So
804 4093 883 4145 lesen
899 4091 946 4146 die
960 4092 1078 4145 meisten
1090 4090 1290 4145 Handschrif-

128 4188 178 4235 ten
192 4180 250 4233 und
264 4179 340 4233 alten
357 4181 518 4253 Ausgnbem
541 4183 572 4233 in
586 4181 695 4234 andern
706 4179 795 4234 steht:
819 4192 846 4231 et
858 4197 907 4251 ape
922 4195 1014 4231 omnes
1030 4178 1164 4248 impleret.
1186 4164 1285 4247 ilergl.
1336 4230 1339 4237 ,

128 4265 189 4330 XV,
210 4259 302 4334 l,18:
327 4267 385 4320 Hoc
404 4269 533 4340 prodigio
543 4269 665 4340 primum
690 4264 733 4320 ad
755 4280 855 4337 spem
875 4265 957 4333 regni
978 4257 1183 4332 impuleut.
1206 4264 1288 4316 ucis.
