2692 4718
82 244 217 359 [ra
387 320 405 331 ..
520 292 523 297 ·
631 244 907 335 rasurus

212 419 491 514 lagidesidentis
509 426 675 514 exterriti,
708 426 833 499 labare
851 434 974 519 putant
990 424 1113 513 undas,
1138 436 1227 518 qnae
1243 448 1309 497 sor·

171 525 319 596 libentis
337 539 446 599 aestus
464 552 597 622 vorago
611 530 754 600 collidit
804 531 940 601 Eadem
953 554 1054 602 causa
1068 531 1170 601 etiam
1184 532 1309 605 Aetna

169 630 333 700 limbatis
348 642 534 725 perpetuos
552 635 649 727 ignes
664 634 756 704 facit.
807 635 897 704 Nam
913 658 1076 725 aquarum
1089 636 1159 757 issi
1169 656 1309 707 eonem·

178 756 181 761 ·
209 756 265 802 aus
283 747 418 827 raptum
440 736 888 829 secumspirituminimum
912 738 1058 807 fundum
1070 738 1187 827 maht,
1212 748 1309 833 atquo

207 837 257 906 ibi
277 834 482 910 suffocatum
500 842 630 910 tamdiu
650 849 755 925 tenet,
780 840 892 912 donec
904 865 968 934 per
983 843 1187 933 spiramenta
1203 852 1308 937 terrac

167 941 351 1011 16diffusus
371 946 573 1013 nutrimenta
596 945 685 1037 ignis
705 938 873 1013 incendat.
923 945 997 1013 lam
1019 946 1093 1037 ipsa
1113 946 1236 1015 ltaliae
1256 948 1307 1019 Sl-

205 1046 372 1136 ciliacque
391 1048 557 1132 vicinitas,
581 1048 649 1117 iam
665 1048 974 1140 promontoriorum
995 1048 1138 1118 altitudo
1166 1050 1245 1142 ipsa
1265 1050 1305 1119 ita

205 1150 319 1218 similis
343 1160 410 1238 est,
438 1159 493 1236 ut,
519 1160 682 1241 quantum
695 1174 785 1220 nunc
799 1150 1045 1236 admirationis,
1070 1161 1202 1222 tuntum
1224 1154 1305 1223 auti·

204 1253 304 1341 tiquis
323 1255 459 1323 terroris
473 1253 625 1342 dederit,
650 1254 882 1339 credentibus,
909 1255 1106 1324 coeuntibus
1117 1256 1154 1325 in
1168 1279 1206 1325 se
1226 1280 1303 1349 pro-

204 1357 395 1443 montoriis,
428 1381 470 1429 ac
493 1380 623 1426 rursum
650 1357 918 1446 discedentibus,
943 1358 1054 1426 solida
1074 1353 1231 1452 intercipi
1247 1363 1304 1431 ab·

165 1460 359 1548 tisnmique
375 1460 522 1554 navigia.
573 1463 695 1551 Neque
713 1460 785 1530 hoc
804 1462 849 1529 ab
875 1463 1019 1552 antiquis
1040 1461 1074 1528 in
1089 1461 1303 1535 dulcedinem

203 1564 342 1633 fabulae
377 1565 623 1656 compositum,
662 1564 722 1634 sed
752 1574 845 1633 metu
879 1574 914 1634 et
942 1565 1164 1634 admiratione
1198 1577 1323 1637 tram.

162 1669 364 1739 1deuutium.
422 1669 477 1737 Ea
496 1677 547 1737 est
566 1668 654 1737 enim
676 1668 801 1761 procul
816 1668 1067 1759 inspicientibus
1086 1677 1206 1739 natura
1225 1673 1302 1759 loci,

202 1780 241 1845 ut
251 1771 359 1840 sinum
381 1773 493 1865 πηκτὶς,
518 1793 588 1839 non
602 1773 777 1841 transitum
793 1781 908 1862 putes:
934 1794 1003 1861 quo
1025 1795 1129 1862 quum
1152 1768 1302 1845 decemo·

201 1873 264 1958 ris,
289 1872 465 1943 discedere
489 1895 532 1943 ac
551 1875 683 1967 seiungi
693 1874 937 1967 promontoria,
962 1898 1053 1965 quae
1073 1885 1172 1946 autea
1193 1879 1302 1951 iuncto

200 1977 350 2062 fuerant,
377 1978 549 2046 arbitrere.
1277 2058 1280 2065 ¹

158 2094 176 2157 1
223 2085 226 2090 ’
251 2079 341 2148 Gne.
365 2081 411 2149 ll.
462 2079 599 2151 Siciliae
609 2079 722 2172 priino
735 2078 932 2152 Trinacriae
944 2100 1068 2150 nomen
1079 2082 1160 2165 fuit3
1184 2092 1303 2176 postes

154 2188 178 2259 2
198 2181 334 2254 Sicania
363 2184 604 2277 cognominata
625 2193 684 2253 est.
736 2183 835 2256 Haec
859 2208 881 2252 a
907 2185 1076 2276 principio
1098 2187 1211 2277 patria
1231 2188 1302 2281 cy-

198 2287 340 2377 clopum
370 2289 451 2383 fuit:
477 2287 599 2377 quibus
623 2285 805 2374 exstinctis,
839 2287 986 2359 Cocalus
1004 2310 1150 2382 regnum
1170 2290 1301 2363 insulae

153 2397 176 2461 3
197 2391 388 2481 occupavit.
437 2393 520 2461 Post
546 2415 648 2481 quem
676 2390 830 2484 singulae
853 2391 1003 2462 civitates
1025 2393 1059 2461 in
1083 2404 1301 2484 tyrannorum

194 2495 376 2586 imperium
398 2504 643 2580 concesserunt,
670 2517 814 2583 quorum
835 2495 928 2562 nulla
948 2504 1038 2563 terra
1055 2497 1204 2566 feracior
1223 2498 1297 2569 fnit

152 2595 175 2660 4
194 2597 330 2666 Horum
346 2620 389 2667 ex
401 2621 543 2667 numero
566 2599 749 2668 Anaxilaus
763 2598 884 2665 iustitia
907 2620 985 2667 eum
1010 2606 1200 2668 ¹ceterorum
1221 2608 1300 2673 cru*-

196 2700 335 2769 delitate
368 2704 537 2783 certabat3
576 2701 670 2772 cuius
696 2700 936 2768 moderationis
966 2699 1062 2769 baud
1090 2704 1299 2775 mediocrem

151 2804 342 2875 5fructum
373 2804 461 2873 tulit
513 2804 656 2895 Quippe
684 2802 853 2874 decedens
887 2826 993 2893 quum
1022 2804 1111 2873 filios
1137 2808 1298 2897 parvulos

192 2907 390 2998 reliquisset,
401 2908 610 2996 tutelamque
626 2929 743 2976 eorum
758 2898 929 2997 Micjtho,
942 2917 1112 2997 spectatae
1127 2910 1212 2981 fidei
1225 2934 1298 2981 ser-

192 3035 251 3102 vo,
270 3013 505 3101 commisisset,
530 3020 641 3080 tantus
659 3032 757 3080 amor
781 3010 966 3081 memoriae
986 3010 1056 3083 eius
1072 3013 1168 3103 apud
1180 3004 1299 3087 omnen

236 3262 261 3330 5.
276 3257 311 3312 17
332 3257 517 3330 compositum.
547 3254 582 3309 Ἰ.
593 3271 618 3309 e.
627 3253 742 3324 fictum·
776 3254 806 3313 S.
829 3254 875 3311 die
888 3256 1013 3310 Anmerk.
1031 3272 1066 3309 an
1081 3254 1208 3329 XXXIX,
1224 3258 1252 3331 1,
1269 3258 1297 3317 6.
1324 3284 1330 3299 ι

236 3342 321 3414 §.18.
344 3342 489 3399 arbitrere.
531 3342 567 3395 In
581 3340 631 3395 der
644 3341 760 3395 aweiten
773 3342 877 3395 Person
895 3340 936 3395 im
950 3341 1043 3394 Parsis
1063 3341 1160 3395 wurde
1184 3342 1296 3419 hdnfig,
1324 3342 1327 3349 '

148 3428 324 3483 namontlieh
338 3445 394 3483 von
407 3428 518 3494 Cicero,
539 3426 585 3481 die
598 3425 720 3499 Eudung
733 3446 764 3480 re
779 3435 846 3480 rtatt
866 3426 908 3480 rio
925 3426 1090 3497 gebraucht,
1111 3427 1233 3485 welches
1253 3433 1297 3499 je-
1342 3428 1344 3433 ’

147 3512 221 3568 doeh
236 3530 292 3567 nur
304 3512 346 3565 im
360 3510 530 3581 Coniunctir
543 3512 590 3566 dea
601 3515 728 3579 Priscus,
748 3511 790 3567 im
810 3511 949 3565 Indicativ
972 3510 1019 3564 det
1041 3511 1150 3579 Futuri,
1180 3514 1241 3569 und
1262 3516 1296 3571 iu
1312 3548 1317 3557 ·

145 3596 247 3652 beiden
262 3597 368 3653 Moden
385 3599 433 3653 des
449 3597 616 3667 Imperfeets
627 3595 764 3668 gescbeb3
786 3595 912 3667 dagegen
933 3595 1013 3649 nicht
1030 3598 1071 3649 im
1087 3596 1228 3653 Indicetir
1245 3600 1296 3657 du

144 3686 270 3756 Priasus,
291 3683 357 3737 weil
378 3684 441 3738 hier
462 3691 539 3738 ronst
559 3681 623 3736 eine
640 3680 870 3753 Verwecbrelung
897 3679 951 3733 mit
970 3679 1036 3735 dem
1050 3680 1177 3737 infinitis
1203 3683 1297 3741 teiam

144 3786 212 3823 war.
253 3769 351 3824 Dabar
363 3770 483 3825 machon
494 3768 567 3821 auch
592 3767 637 3819 die
659 3764 837 3836 Deponentia
852 3781 907 3819 ron
928 3764 1025 3836 abigor
1040 3766 1130 3838 Regel
1144 3766 1209 3823 eine
1219 3772 1296 3825 Aur·

143 3854 256 3922 nabore,
280 3855 346 3909 weil
360 3856 407 3911 bei
421 3855 517 3910 desan
534 3853 598 3907 eine
612 3849 948 3921 tolcheverwecbselung
958 3850 1040 3904 nicht
1053 3859 1121 3905 statt
1132 3851 1211 3924 tane,
1232 3854 1298 3913 und

142 3956 212 3995 men
226 3941 303 3995 brun
318 3958 373 3995 von
383 3941 478 3997 diesen
490 3938 564 3995 auch
577 3936 618 3990 im
631 3934 771 3989 Iudicetir
784 3935 829 3988 die
837 3934 959 4007 Endung
974 3955 1006 3988 re
1021 3935 1211 4008 gebraucben.
1232 3943 1296 4009 04¹0.

141 4028 209 4079 Diu.
228 4028 260 4079 in
280 4030 359 4083 earn,
373 4027 417 4094 12,
431 4022 487 4094 4⁰3
507 4028 540 4078 in
555 4025 584 4075 V
581 4038 634 4075 err.
647 4020 699 4090 ΙΙΙ,
713 4020 757 4091 80,
772 4014 839 4075 184:
861 4018 1015 4088 arbitrar03
1036 4022 1076 4075 cd
1089 4026 1170 4077 Fam.
1184 4025 1219 4093 V,
1235 4014 1294 4083 13:

142 4113 215 4183 quod
229 4123 261 4165 tu
281 4112 352 4164 mihi
361 4109 491 4165 videre
513 4126 588 4181 mom
600 4106 762 4159 nonnullam
776 4104 887 4161 debere.
928 4107 1013 4161 Docb
1024 4109 1137 4163 michro
1152 4106 1215 4163 nich
1230 4109 1295 4167 dio·

141 4212 189 4251 ser
197 4196 349 4253 Gebrauch
362 4194 530 4250 schwmlich
541 4192 595 4247 aui
610 4190 656 4247 die
667 4190 848 4265 Deponentia
861 4190 913 4249 det
926 4190 1033 4249 dritten
1041 4194 1232 4269 eonjugium
1241 4211 1292 4253 ct·

141 4281 282 4354 ttrekken,
302 4297 401 4357 stegen
416 4278 465 4337 det
475 4275 587 4337 setun.
