2692 4718
460 666 694 741 ιιιιιιιι
740 620 867 765 rann
931 628 973 667 ²
1050 618 1056 630 “

641 856 648 869 ἱ

570 877 781 894 m

353 960 703 1073 uuuvllltlusi
734 950 1020 1073 unusquis.
1072 952 1076 961 Ι

88 1128 120 1191 1.
142 1122 341 1207 Agathoclis'
331 1150 362 1191 ιιι
377 1122 493 1191 Italiam
508 1126 663 1229 expeditio
676 1126 823 1193 adversus
838 1130 991 1194 Bruttiosa
1013 1140 1159 1213 quorum
1172 1108 1249 1213 origo
1283 1182 1285 1193 .

173 1214 310 1293 potentia
323 1219 430 1317 paucis
443 1214 667 1297 perstringitur.

9 1362 12 1367 ,
88 1300 118 1385 27
141 1296 358 1378 Agathocles,
368 1301 400 1362 vi
421 1301 518 1363 morbi
542 1306 748 1381 expugnatus,
770 1300 964 1363 revertitur
954 1322 987 1363 ιιι
1008 1301 1172 1365 Siciliam.
1205 1298 1250 1375 ubi

175 1386 283 1447 turbae
305 1386 506 1463 domesticae,
528 1405 605 1467 quae
625 1404 753 1446 uxorem
772 1396 803 1447 at
818 1386 931 1448 liberos
945 1386 1158 1469 Agathoclis
1146 1410 1183 1449 ιιι
1195 1390 1251 1451 Δι·

174 1480 301 1553 gypsum
313 1475 442 1555 pellunt
486 1433 662 1551 Agathoclis
677 1470 789 1535 obitus.

89 1558 119 1622 3
142 1554 269 1708 ΡγΙιιΙιί
280 1552 425 1643 Epirotae
447 1558 526 1621 bella
550 1566 582 1620 et
601 1576 652 1619 ras
673 1568 774 1639 gestae
797 1565 908 1639 quum'
913 1556 947 1619 in
972 1558 1098 1639 Sicelis,
1134 1570 1204 1623 tum
1222 1557 1269 1637 in¹

84 1684 89 1691 -
189 1644 258 1703 talia

48 1734 54 1743 ‘
90 1733 118 1794 4
143 1728 299 1810 Hieronis,
320 1730 441 1792 Siciliae
454 1726 831 1814 principialaudatisaiaii,
852 1728 983 1811 dignitas
998 1738 1030 1793 st
1046 1729 1167 1799 virtus.
1250 1734 1268 1793 t

558 1928 767 1943 m

528 2074 723 2149 CAPUT
772 2075 800 2145 Ι.

95 2258 110 2318 1
143 2204 522 2336 Acarnanas-rex
542 2247 694 2338 Siciliae,
729 2247 927 2340 pacificatus
959 2258 1039 2346 cunr
1062 2222 1252 2343 Cartbagi-

142 2352 325 2440 niensibus,
350 2360 483 2445 partem
504 2353 685 2425 civitatium
707 2376 726 2420 a
747 2376 783 2422 se
804 2352 931 2422 fiducia
944 2350 1067 2420 virium
1081 2351 1250 2439 dissiden-

12 2462 16 2484 '
45 2496 62 2539 ς
93 2468 116 2528 2
142 2456 226 2523 tium
247 2458 348 2525 armis
365 2456 509 2548 subegit.
560 2456 649 2525 Dein
668 2457 763 2546 quasi
784 2454 934 2546 angustis
954 2454 1084 2524 insulae
1098 2456 1249 2527 terminis

138 2554 379 2646 'clauderetun
401 2561 496 2629 cuius
520 2559 654 2651 imperii
675 2569 807 2651 partem
829 2559 949 2649 primis
970 2557 1189 2628 incrementis
1209 2580 1249 2627 ue

142 2673 337 2750 speraverat
364 2662 529 2752 quidem,
564 2666 599 2731 in
628 2662 762 2730 Italiam
790 2660 1011 2747 transcendit,
1052 2662 1247 2755 exemplum

142 2758 294 2854 Dionysii
319 2775 470 2851 secutus,
504 2766 563 2854 qui
587 2766 709 2834 multas
732 2767 881 2834 civitates
899 2764 1027 2834 ‘ltaliae
1045 2765 1248 2859 subegerat.

92 2881 112 2941 8
142 2869 246 2937 Primi
259 2869 362 2963 igitur
373 2868 488 2937 hostes
502 2868 551 2935 illi
570 2868 692 2937 Bruttii
712 2868 828 2955 fuere,
854 2867 913 2958 qui
927 2875 962 2935 et
976 2866 1151 2937 fortissimi
1166 2877 1256 2957 tum,·

142 2982 178 3041 et
193 2972 436 3063 opulentissimi
448 2971 666 3056 videbantur,
693 2972 794 3041 simul
807 2980 841 3041 et
853 2971 898 3039 ad
912 2970 1046 3041 iniurias
1059 2971 1248 3042 vicinorum

91 3089 112 3149 4
141 3076 302 3169 prompti.
353 3077 442 3145 Nam
463 3075 586 3144 multas
603 3076 751 3146 civitates
772 3075 898 3144 Graeci
912 3074 1055 3144 nominis
1068 3075 1171 3143 ltalia
1190 3096 1249 3144 err

91 3195 112 3253 5
141 3181 315 3273 pulerant:
342 3191 499 3251 auctores
521 3201 660 3270 qnoque
681 3202 758 3248 suos
783 3179 942 3248 Lucanos
964 3178 1058 3249 bello
1085 3178 1269 3267 vicerang'·

92 3300 112 3358 6
143 3294 176 3352 et
197 3306 321 3374 pacem
340 3307 419 3358 curn
433 3283 486 3352 bis
502 3284 617 3372 aequis
639 3284 774 3375 legibus
788 3282 949 3354 fecerant.
1000 3282 1115 3351 Tanta
1136 3282 1250 3353 feritas

91 3402 111 3463 7
141 3389 330 3456 animorum
349 3398 438 3472 erat,
465 3397 502 3454 ut
523 3411 587 3457 neo
609 3387 732 3479 origini
748 3410 828 3455 suae
848 3394 1037 3477 parcerent.
1088 3386 1251 3477 Namque
1282 3436 1285 3443 -

140 3490 269 3560 Lucani
289 3489 409 3559 iisdem
432 3490 567 3582 legibus
590 3490 716 3560 liberos
742 3501 839 3573 suos,
874 3490 999 3578 quibu's
1021 3498 1056 3558 et
1076 3487 1250 3589 Spartani,

90 3605 110 3667 8
139 3596 188 3661 in
181 3596 309 3663 tituere
326 3593 417 3662 soliti
441 3602 543 3661 erant
596 3594 737 3685 Quippe
753 3595 797 3662 ab
812 3593 906 3660 initio
922 3593 1141 3682 pubertatis'
1130 3616 1168 3661 ιιι
1190 3592 1253 3663 sil-

41 3700 55 3723 ’“
139 3700 188 3765 sie
206 3699 292 3767 inter
307 3706 460 3788 pastores
473 3695 758 3783 habebantur,
733 3720 804 3765 sane
824 3698 920 3764 minis
911 3697 1007 3765 tario
1023 3696 1154 3783 servili,
1180 3698 1252 3767 sino

139 3811 248 3887 reste,
274 3824 378 3891 qaam
402 3799 597 3887 induerent,
625 3802 678 3869 vel
703 3801 758 3870 cui
777 3801 992 3881 incubarent3
1025 3808 1064 3870 ut
1085 3823 1107 3868 a
1132 3746 1267 3892 primis

140 3906 231 3974 annis
249 3905 390 3975 duritiae
405 3904 719 3994 parcimoniaeque,
746 3904 817 3971 siae
831 3905 916 4000 ullo
922 3926 983 3972 usu
1002 3903 1110 3988 urbis,
1137 3906 1260 3973 assua-¹

89 4018 111 4081 9
137 4018 279 4077 scerent
332 4007 438 4078 Cibus
454 4005 508 4076 his
525 4007 656 4101 praeda
670 4008 843 4094 venatica,
869 4019 971 4099 potus
987 4016 1046 4075 aut
1056 4007 1167 4093 lacta,
1194 4014 1254 4077 aut

138 4112 281 4182 fontium
301 4113 414 4203 liquor
439 4120 520 4182 erat
572 4112 633 4183 Sic
658 4111 702 4180 ad
726 4111 860 4180 labores
883 4111 1027 4180 bellicos
1041 4110 1254 4179 induraban-

89 4225 202 4289 totus.
235 4216 395 4286 Horum
385 4217 491 4311 igitur
504 4232 545 4287 ex
558 4237 699 4285 nurnero
713 4215 959 4311 quinquaginta
975 4215 1086 4307 primo
1101 4238 1144 4284 er
1154 4202 1252 4309 agris
