<?xml version="1.0" encoding="UTF-8"?>
<!DOCTYPE html PUBLIC "-//W3C//DTD XHTML 1.0 Transitional//EN"
    "http://www.w3.org/TR/xhtml1/DTD/xhtml1-transitional.dtd">
<html xmlns="http://www.w3.org/1999/xhtml" xml:lang="en" lang="en">
 <head>
  <title>
</title>
<meta http-equiv="Content-Type" content="text/html;charset=utf-8" />
  <meta name='ocr-system' content='tesseract 3.04.00' />
  <meta name='ocr-capabilities' content='ocr_page ocr_carea ocr_par ocr_line ocrx_word'/>
</head>
<body>
  <div class='ocr_page' id='page_1' title='image "./justinihistoria00benegoog_0451.png"; bbox 0 0 2692 4718; ppageno 0'>
   <div class='ocr_carea' id='block_1_1' title="bbox 269 376 1273 451">
    <p class='ocr_par' dir='ltr' id='par_1_1' title="bbox 269 376 1273 451">
     <span class='ocr_line' id='line_1_1' title="bbox 269 376 1273 451; baseline 0.011 -10"><span class='ocrx_word' id='word_1_1' title='bbox 269 400 277 409; x_wconf 91' lang='lat'><strong>·</strong></span> <span class='ocrx_word' id='word_1_2' title='bbox 356 376 545 443; x_wconf 73' lang='lat' dir='ltr'><strong>maron.</strong></span> <span class='ocrx_word' id='word_1_3' title='bbox 568 378 650 442; x_wconf 79' lang='grc' dir='ltr'><strong>ΗΒ.</strong></span> <span class='ocrx_word' id='word_1_4' title='bbox 672 380 839 441; x_wconf 87' lang='lat' dir='ltr'><strong>XXXVIII.</strong></span> <span class='ocrx_word' id='word_1_5' title='bbox 862 379 963 447; x_wconf 85' lang='lat' dir='ltr'><strong>CAP.</strong></span> <span class='ocrx_word' id='word_1_6' title='bbox 987 386 1037 449; x_wconf 87' lang='grc'><strong>10.</strong></span> <span class='ocrx_word' id='word_1_7' title='bbox 1209 386 1273 451; x_wconf 73' lang='grc'><strong>443</strong></span> 
     </span>
    </p>
   </div>
   <div class='ocr_carea' id='block_1_2' title="bbox 150 535 1283 3321">
    <p class='ocr_par' dir='ltr' id='par_1_2' title="bbox 150 535 1276 1565">
     <span class='ocr_line' id='line_1_2' title="bbox 150 535 1272 632; baseline 0.002 -23"><span class='ocrx_word' id='word_1_8' title='bbox 150 536 214 609; x_wconf 81' lang='lat' dir='ltr'><strong>rins</strong></span> <span class='ocrx_word' id='word_1_9' title='bbox 236 558 354 607; x_wconf 88' lang='lat' dir='ltr'><strong>amore</strong></span> <span class='ocrx_word' id='word_1_10' title='bbox 371 538 497 632; x_wconf 89' lang='lat' dir='ltr'><strong>populi</strong></span> <span class='ocrx_word' id='word_1_11' title='bbox 518 536 610 606; x_wconf 81' lang='lat' dir='ltr'><strong>ferro</strong></span> <span class='ocrx_word' id='word_1_12' title='bbox 634 536 805 608; x_wconf 84' lang='lat' dir='ltr'><strong>dimicant</strong></span> <span class='ocrx_word' id='word_1_13' title='bbox 865 535 1060 609; x_wconf 78' lang='lat' dir='ltr'><strong>culinarum</strong></span> <span class='ocrx_word' id='word_1_14' title='bbox 1084 562 1223 632; x_wconf 89' lang='lat' dir='ltr'><strong>quoqne</strong></span> <span class='ocrx_word' id='word_1_15' title='bbox 1249 551 1272 611; x_wconf 82' lang='lat'><strong>4</strong></span> 
     </span>
     <span class='ocr_line' id='line_1_3' title="bbox 152 638 1223 735; baseline 0.002 -26"><span class='ocrx_word' id='word_1_16' title='bbox 152 650 283 735; x_wconf 71' lang='lat' dir='ltr'><strong>genter</strong></span> <span class='ocrx_word' id='word_1_17' title='bbox 300 638 518 711; x_wconf 85' lang='lat' dir='ltr'><strong>instrumenta</strong></span> <span class='ocrx_word' id='word_1_18' title='bbox 531 642 645 727; x_wconf 81' lang='lat' dir='ltr'><strong>fuere,</strong></span> <span class='ocrx_word' id='word_1_19' title='bbox 670 662 809 734; x_wconf 88' lang='lat' dir='ltr'><strong>prorsus</strong></span> <span class='ocrx_word' id='word_1_20' title='bbox 823 664 919 731; x_wconf 84' lang='lat' dir='ltr'><strong>qnasi</strong></span> <span class='ocrx_word' id='word_1_21' title='bbox 908 642 980 711; x_wconf 86' lang='lat' dir='ltr'><strong>ad</strong></span> <span class='ocrx_word' id='word_1_22' title='bbox 994 645 1131 735; x_wconf 87' lang='lat' dir='ltr'><strong>epnias,</strong></span> <span class='ocrx_word' id='word_1_23' title='bbox 1154 666 1223 711; x_wconf 89' lang='lat' dir='ltr'><strong>non</strong></span> 
     </span>
     <span class='ocr_line' id='line_1_4' title="bbox 154 744 1272 837; baseline 0.004 -22"><span class='ocrx_word' id='word_1_24' title='bbox 154 744 275 817; x_wconf 84' lang='lat' dir='ltr'><strong>ibella</strong></span> <span class='ocrx_word' id='word_1_25' title='bbox 285 754 479 837; x_wconf 84' lang='lat' dir='ltr'><strong>pergerent</strong></span> <span class='ocrx_word' id='word_1_26' title='bbox 530 745 734 815; x_wconf 81' lang='lat' dir='ltr'><strong>Advenienti</strong></span> <span class='ocrx_word' id='word_1_27' title='bbox 751 745 926 817; x_wconf 82' lang='lat' dir='ltr'><strong>Antiocho</strong></span> <span class='ocrx_word' id='word_1_28' title='bbox 951 748 1049 815; x_wconf 89' lang='lat' dir='ltr'><strong>multi</strong></span> <span class='ocrx_word' id='word_1_29' title='bbox 1063 746 1222 817; x_wconf 83' lang='lat' dir='ltr'><strong>Orienta-</strong></span> <span class='ocrx_word' id='word_1_30' title='bbox 1251 754 1272 820; x_wconf 81' lang='lat'><strong>5</strong></span> 
     </span>
     <span class='ocr_line' id='line_1_5' title="bbox 155 849 1224 943; baseline -0.001 -24"><span class='ocrx_word' id='word_1_31' title='bbox 155 872 170 919; x_wconf 87' lang='lat' dir='ltr'><strong>s</strong></span> <span class='ocrx_word' id='word_1_32' title='bbox 193 872 295 941; x_wconf 76' lang='lat' dir='ltr'><strong>reges</strong></span> <span class='ocrx_word' id='word_1_33' title='bbox 316 850 513 934; x_wconf 88' lang='lat' dir='ltr'><strong>occurrere,</strong></span> <span class='ocrx_word' id='word_1_34' title='bbox 538 849 709 917; x_wconf 79' lang='lat' dir='ltr'><strong>tradentes</strong></span> <span class='ocrx_word' id='word_1_35' title='bbox 724 872 760 918; x_wconf 92' lang='lat' dir='ltr'><strong>se</strong></span> <span class='ocrx_word' id='word_1_36' title='bbox 776 872 951 943; x_wconf 82' lang='lat' dir='ltr'><strong>regnaque</strong></span> <span class='ocrx_word' id='word_1_37' title='bbox 965 873 1043 939; x_wconf 89' lang='lat' dir='ltr'><strong>sna,</strong></span> <span class='ocrx_word' id='word_1_38' title='bbox 1068 873 1146 920; x_wconf 88' lang='lat' dir='ltr'><strong>oum</strong></span> <span class='ocrx_word' id='word_1_39' title='bbox 1164 874 1224 920; x_wconf 86' lang='lat' dir='ltr'><strong>ex·</strong></span> 
     </span>
     <span class='ocr_line' id='line_1_6' title="bbox 156 952 1273 1047; baseline 0.002 -22"><span class='ocrx_word' id='word_1_40' title='bbox 156 956 308 1025; x_wconf 72' lang='lat' dir='ltr'><strong>menone</strong></span> <span class='ocrx_word' id='word_1_41' title='bbox 329 954 507 1045; x_wconf 76' lang='lat' dir='ltr'>superbiae</span> <span class='ocrx_word' id='word_1_42' title='bbox 527 952 716 1023; x_wconf 75' lang='lat' dir='ltr'>Parthicae.</span> <span class='ocrx_word' id='word_1_43' title='bbox 775 954 850 1025; x_wconf 87' lang='lat' dir='ltr'><strong>Nec</strong></span> <span class='ocrx_word' id='word_1_44' title='bbox 877 977 973 1023; x_wconf 90' lang='lat' dir='ltr'><strong>mora</strong></span> <span class='ocrx_word' id='word_1_45' title='bbox 997 956 1225 1047; x_wconf 84' lang='lat' dir='ltr'><strong>congressioni</strong></span> <span class='ocrx_word' id='word_1_46' title='bbox 1252 966 1273 1027; x_wconf 88' lang='lat'><strong>6</strong></span> 
     </span>
     <span class='ocr_line' id='line_1_7' title="bbox 157 1055 1226 1148; baseline -0.002 -21"><span class='ocrx_word' id='word_1_47' title='bbox 157 1056 197 1127; x_wconf 74' lang='lat' dir='ltr'><strong>It</strong></span> <span class='ocrx_word' id='word_1_48' title='bbox 246 1056 454 1143; x_wconf 74' lang='lat' dir='ltr'><strong>arnochus,</strong></span> <span class='ocrx_word' id='word_1_49' title='bbox 477 1056 583 1124; x_wconf 88' lang='lat' dir='ltr'><strong>tribus</strong></span> <span class='ocrx_word' id='word_1_50' title='bbox 610 1056 750 1147; x_wconf 79' lang='lat' dir='ltr'><strong>proeliis</strong></span> <span class='ocrx_word' id='word_1_51' title='bbox 778 1055 905 1143; x_wconf 82' lang='lat' dir='ltr'><strong>victor,</strong></span> <span class='ocrx_word' id='word_1_52' title='bbox 936 1081 1041 1148; x_wconf 87' lang='lat' dir='ltr'><strong>qnam</strong></span> <span class='ocrx_word' id='word_1_53' title='bbox 1071 1060 1226 1147; x_wconf 77' lang='lat' dir='ltr'><strong>Babylo-</strong></span> 
     </span>
     <span class='ocr_line' id='line_1_8' title="bbox 158 1159 1226 1255; baseline -0.003 -24"><span class='ocrx_word' id='word_1_54' title='bbox 158 1184 213 1231; x_wconf 82' lang='lat' dir='ltr'><strong>um</strong></span> <span class='ocrx_word' id='word_1_55' title='bbox 227 1170 443 1255; x_wconf 79' lang='lat' dir='ltr'><strong>occupasset,</strong></span> <span class='ocrx_word' id='word_1_56' title='bbox 469 1183 612 1252; x_wconf 84' lang='lat' dir='ltr'><strong>magnus</strong></span> <span class='ocrx_word' id='word_1_57' title='bbox 627 1159 747 1229; x_wconf 88' lang='lat' dir='ltr'><strong>haberi</strong></span> <span class='ocrx_word' id='word_1_58' title='bbox 761 1162 885 1251; x_wconf 89' lang='lat' dir='ltr'><strong>coepit.</strong></span> <span class='ocrx_word' id='word_1_59' title='bbox 938 1162 1057 1252; x_wconf 88' lang='lat' dir='ltr'><strong>Itaque</strong></span> <span class='ocrx_word' id='word_1_60' title='bbox 1071 1162 1226 1230; x_wconf 90' lang='lat' dir='ltr'><strong>omnibus</strong></span> 
     </span>
     <span class='ocr_line' id='line_1_9' title="bbox 160 1262 1227 1357; baseline -0.001 -24"><span class='ocrx_word' id='word_1_61' title='bbox 160 1264 260 1335; x_wconf 86' lang='lat' dir='ltr'><strong>Ieum</strong></span> <span class='ocrx_word' id='word_1_62' title='bbox 273 1264 413 1357; x_wconf 90' lang='lat' dir='ltr'><strong>populis</strong></span> <span class='ocrx_word' id='word_1_63' title='bbox 427 1264 680 1350; x_wconf 83' lang='lat' dir='ltr'><strong>deficientibus,</strong></span> <span class='ocrx_word' id='word_1_64' title='bbox 706 1262 791 1331; x_wconf 88' lang='lat' dir='ltr'><strong>nihil</strong></span> <span class='ocrx_word' id='word_1_65' title='bbox 807 1263 941 1333; x_wconf 89' lang='lat' dir='ltr'><strong>Parthis</strong></span> <span class='ocrx_word' id='word_1_66' title='bbox 953 1268 1076 1355; x_wconf 83' lang='lat' dir='ltr'>reliqui</span> <span class='ocrx_word' id='word_1_67' title='bbox 1091 1274 1227 1357; x_wconf 86' lang='lat' dir='ltr'><strong>praeter</strong></span> 
     </span>
     <span class='ocr_line' id='line_1_10' title="bbox 161 1366 1276 1459; baseline -0.001 -22"><span class='ocrx_word' id='word_1_68' title='bbox 161 1368 251 1437; x_wconf 80' lang='lat' dir='ltr'><strong>itrios</strong></span> <span class='ocrx_word' id='word_1_69' title='bbox 263 1368 347 1437; x_wconf 77' lang='lat' dir='ltr'><strong>finer</strong></span> <span class='ocrx_word' id='word_1_70' title='bbox 368 1368 443 1437; x_wconf 77' lang='lat' dir='ltr'><strong>tuit</strong></span> <span class='ocrx_word' id='word_1_71' title='bbox 493 1368 595 1437; x_wconf 86' lang='lat' dir='ltr'><strong>Tune</strong></span> <span class='ocrx_word' id='word_1_72' title='bbox 608 1366 801 1437; x_wconf 86' lang='lat' dir='ltr'><strong>Phrahates</strong></span> <span class='ocrx_word' id='word_1_73' title='bbox 814 1369 1024 1438; x_wconf 83' lang='lat' dir='ltr'><strong>Demetrium</strong></span> <span class='ocrx_word' id='word_1_74' title='bbox 1037 1371 1073 1437; x_wconf 94' lang='lat' dir='ltr'><strong>in</strong></span> <span class='ocrx_word' id='word_1_75' title='bbox 1089 1372 1233 1459; x_wconf 85' lang='lat' dir='ltr'><strong>Syriam</strong></span> <span class='ocrx_word' id='word_1_76' title='bbox 1254 1383 1276 1444; x_wconf 79' lang='grc'><strong>7</strong></span> 
     </span>
     <span class='ocr_line' id='line_1_11' title="bbox 162 1470 1230 1565; baseline -0.002 -24"><span class='ocrx_word' id='word_1_77' title='bbox 162 1470 171 1541; x_wconf 93' lang='lat' dir='ltr'><strong>I</strong></span> <span class='ocrx_word' id='word_1_78' title='bbox 184 1471 424 1565; x_wconf 78' lang='lat' dir='ltr'><strong>occupandum</strong></span> <span class='ocrx_word' id='word_1_79' title='bbox 436 1494 581 1564; x_wconf 82' lang='lat' dir='ltr'><strong>regnum</strong></span> <span class='ocrx_word' id='word_1_80' title='bbox 594 1495 671 1541; x_wconf 91' lang='lat' dir='ltr'><strong>eum</strong></span> <span class='ocrx_word' id='word_1_81' title='bbox 687 1470 849 1540; x_wconf 87' lang='lat' dir='ltr'><strong>Parthico</strong></span> <span class='ocrx_word' id='word_1_82' title='bbox 865 1472 1035 1562; x_wconf 86' lang='lat' dir='ltr'><strong>praesidio</strong></span> <span class='ocrx_word' id='word_1_83' title='bbox 1052 1473 1173 1556; x_wconf 87' lang='lat' dir='ltr'><strong>mittit,</strong></span> <span class='ocrx_word' id='word_1_84' title='bbox 1192 1483 1230 1541; x_wconf 92' lang='lat' dir='ltr'><strong>ut</strong></span> 
     </span>
    </p>

    <p class='ocr_par' dir='ltr' id='par_1_3' title="bbox 163 1575 1277 2083">
     <span class='ocr_line' id='line_1_12' title="bbox 163 1575 1227 1669; baseline -0.001 -26"><span class='ocrx_word' id='word_1_85' title='bbox 163 1606 167 1635; x_wconf 80' lang='grc' dir='ltr'><strong>ι</strong></span> <span class='ocrx_word' id='word_1_86' title='bbox 188 1586 293 1669; x_wconf 86' lang='lat' dir='ltr'><strong>paeto</strong></span> <span class='ocrx_word' id='word_1_87' title='bbox 311 1575 499 1647; x_wconf 78' lang='lat' dir='ltr'><strong>Antiochus</strong></span> <span class='ocrx_word' id='word_1_88' title='bbox 519 1575 565 1643; x_wconf 90' lang='lat' dir='ltr'><strong>ad</strong></span> <span class='ocrx_word' id='word_1_89' title='bbox 585 1598 645 1644; x_wconf 88' lang='lat' dir='ltr'><strong>sua</strong></span> <span class='ocrx_word' id='word_1_90' title='bbox 660 1575 787 1643; x_wconf 88' lang='lat' dir='ltr'><strong>tuenda</strong></span> <span class='ocrx_word' id='word_1_91' title='bbox 807 1600 828 1643; x_wconf 92' lang='lat' dir='ltr'><strong>a</strong></span> <span class='ocrx_word' id='word_1_92' title='bbox 848 1576 988 1644; x_wconf 84' lang='lat' dir='ltr'><strong>Parthia</strong></span> <span class='ocrx_word' id='word_1_93' title='bbox 1001 1585 1227 1645; x_wconf 86' lang='lat' dir='ltr'><strong>revocaretur.</strong></span> 
     </span>
     <span class='ocr_line' id='line_1_13' title="bbox 164 1678 1229 1770; baseline -0.004 -21"><span class='ocrx_word' id='word_1_94' title='bbox 164 1680 278 1766; x_wconf 87' lang='lat' dir='ltr'><strong>terim,</strong></span> <span class='ocrx_word' id='word_1_95' title='bbox 303 1680 464 1769; x_wconf 88' lang='lat' dir='ltr'><strong>quoniam</strong></span> <span class='ocrx_word' id='word_1_96' title='bbox 476 1678 600 1749; x_wconf 86' lang='lat' dir='ltr'><strong>viribus</strong></span> <span class='ocrx_word' id='word_1_97' title='bbox 615 1701 684 1748; x_wconf 94' lang='lat' dir='ltr'><strong>non</strong></span> <span class='ocrx_word' id='word_1_98' title='bbox 696 1687 851 1770; x_wconf 88' lang='lat' dir='ltr'><strong>poterat,</strong></span> <span class='ocrx_word' id='word_1_99' title='bbox 876 1679 1003 1747; x_wconf 87' lang='lat' dir='ltr'><strong>insidiis</strong></span> <span class='ocrx_word' id='word_1_100' title='bbox 1019 1678 1229 1749; x_wconf 82' lang='lat' dir='ltr'><strong>Antiochum</strong></span> 
     </span>
     <span class='ocr_line' id='line_1_14' title="bbox 165 1772 1277 1874; baseline 0.002 -21"><span class='ocrx_word' id='word_1_101' title='bbox 165 1782 252 1873; x_wconf 78' lang='lat' dir='ltr'><strong>iique</strong></span> <span class='ocrx_word' id='word_1_102' title='bbox 265 1784 426 1868; x_wconf 85' lang='lat' dir='ltr'><strong>tentabat</strong></span> <span class='ocrx_word' id='word_1_103' title='bbox 477 1783 625 1874; x_wconf 84' lang='lat' dir='ltr'><strong>Propter</strong></span> <span class='ocrx_word' id='word_1_104' title='bbox 644 1782 893 1851; x_wconf 83' lang='lat' dir='ltr'><strong>multitudinem</strong></span> <span class='ocrx_word' id='word_1_105' title='bbox 907 1781 1084 1852; x_wconf 87' lang='lat' dir='ltr'><strong>hominum</strong></span> <span class='ocrx_word' id='word_1_106' title='bbox 1101 1783 1231 1853; x_wconf 84' lang='lat' dir='ltr'><strong>exerci-</strong></span> <span class='ocrx_word' id='word_1_107' title='bbox 1242 1772 1277 1855; x_wconf 84' lang='lat'><strong>&#39;8</strong></span> 
     </span>
     <span class='ocr_line' id='line_1_15' title="bbox 165 1885 1228 1977; baseline -0.004 -20"><span class='ocrx_word' id='word_1_108' title='bbox 165 1908 198 1957; x_wconf 91' lang='lat' dir='ltr'><strong>m</strong></span> <span class='ocrx_word' id='word_1_109' title='bbox 224 1910 323 1957; x_wconf 89' lang='lat' dir='ltr'><strong>suum</strong></span> <span class='ocrx_word' id='word_1_110' title='bbox 351 1886 541 1957; x_wconf 87' lang='lat' dir='ltr'><strong>Antiochus</strong></span> <span class='ocrx_word' id='word_1_111' title='bbox 566 1910 631 1977; x_wconf 91' lang='lat' dir='ltr'><strong>per</strong></span> <span class='ocrx_word' id='word_1_112' title='bbox 654 1886 841 1956; x_wconf 86' lang='lat' dir='ltr'><strong>civitates</strong></span> <span class='ocrx_word' id='word_1_113' title='bbox 831 1909 865 1953; x_wconf 92' lang='lat' dir='ltr'><strong>m</strong></span> <span class='ocrx_word' id='word_1_114' title='bbox 887 1885 1032 1955; x_wconf 80' lang='lat' dir='ltr'><strong>hiberna</strong></span> <span class='ocrx_word' id='word_1_115' title='bbox 1056 1886 1228 1955; x_wconf 86' lang='lat' dir='ltr'><strong>diviserat:</strong></span> 
     </span>
     <span class='ocr_line' id='line_1_16' title="bbox 166 1989 1229 2083; baseline -0.002 -24"><span class='ocrx_word' id='word_1_116' title='bbox 166 2014 214 2059; x_wconf 82' lang='lat' dir='ltr'><strong>iae</strong></span> <span class='ocrx_word' id='word_1_117' title='bbox 234 2012 288 2059; x_wconf 85' lang='lat' dir='ltr'><strong>res</strong></span> <span class='ocrx_word' id='word_1_118' title='bbox 306 1990 397 2059; x_wconf 80' lang='lat' dir='ltr'><strong>exitii</strong></span> <span class='ocrx_word' id='word_1_119' title='bbox 420 2012 521 2061; x_wconf 89' lang='lat' dir='ltr'><strong>causa</strong></span> <span class='ocrx_word' id='word_1_120' title='bbox 548 1990 622 2061; x_wconf 86' lang='lat' dir='ltr'><strong>fnit.</strong></span> <span class='ocrx_word' id='word_1_121' title='bbox 672 1989 762 2057; x_wconf 91' lang='lat' dir='ltr'><strong>Nam</strong></span> <span class='ocrx_word' id='word_1_122' title='bbox 778 2012 882 2079; x_wconf 86' lang='lat' dir='ltr'><strong>quom</strong></span> <span class='ocrx_word' id='word_1_123' title='bbox 906 2013 1043 2082; x_wconf 78' lang='lat' dir='ltr'><strong>grarm</strong></span> <span class='ocrx_word' id='word_1_124' title='bbox 1055 2014 1090 2058; x_wconf 92' lang='lat' dir='ltr'><strong>se</strong></span> <span class='ocrx_word' id='word_1_125' title='bbox 1107 1991 1229 2083; x_wconf 87' lang='lat' dir='ltr'><strong>copia-</strong></span> 
     </span>
    </p>

    <p class='ocr_par' dir='ltr' id='par_1_4' title="bbox 167 2082 1278 2803">
     <span class='ocr_line' id='line_1_17' title="bbox 167 2082 1273 2187; baseline -0.004 -24"><span class='ocrx_word' id='word_1_126' title='bbox 167 2116 201 2163; x_wconf 93' lang='lat' dir='ltr'><strong>m</strong></span> <span class='ocrx_word' id='word_1_127' title='bbox 224 2094 437 2187; x_wconf 78' lang='lat' dir='ltr'><strong>praebitione</strong></span> <span class='ocrx_word' id='word_1_128' title='bbox 459 2094 521 2162; x_wconf 88' lang='lat' dir='ltr'><strong>et&#39;</strong></span> <span class='ocrx_word' id='word_1_129' title='bbox 511 2093 637 2161; x_wconf 78' lang='lat' dir='ltr'><strong>iniuriis</strong></span> <span class='ocrx_word' id='word_1_130' title='bbox 655 2093 802 2161; x_wconf 91' lang='lat' dir='ltr'><strong>militnm</strong></span> <span class='ocrx_word' id='word_1_131' title='bbox 823 2094 973 2163; x_wconf 76' lang='lat' dir='ltr'><strong>civitates</strong></span> <span class='ocrx_word' id='word_1_132' title='bbox 986 2094 1156 2183; x_wconf 84' lang='lat' dir='ltr'><strong>viderent,</strong></span> <span class='ocrx_word' id='word_1_133' title='bbox 1183 2082 1273 2160; x_wconf 89' lang='lat' dir='ltr'><strong>ad</strong></span> 
     </span>
     <span class='ocr_line' id='line_1_18' title="bbox 168 2144 1228 2290; baseline -0.002 -23"><span class='ocrx_word' id='word_1_134' title='bbox 168 2196 271 2267; x_wconf 78' lang='lat' dir='ltr'><strong>athos</strong></span> <span class='ocrx_word' id='word_1_135' title='bbox 291 2196 470 2279; x_wconf 83' lang='lat' dir='ltr'><strong>deficiunt3</strong></span> <span class='ocrx_word' id='word_1_136' title='bbox 496 2207 530 2265; x_wconf 90' lang='lat' dir='ltr'><strong>et</strong></span> <span class='ocrx_word' id='word_1_137' title='bbox 551 2197 609 2265; x_wconf 90' lang='lat' dir='ltr'><strong>die</strong></span> <span class='ocrx_word' id='word_1_138' title='bbox 630 2206 753 2267; x_wconf 87' lang='lat' dir='ltr'><strong>statuta</strong></span> <span class='ocrx_word' id='word_1_139' title='bbox 775 2215 891 2266; x_wconf 90' lang='lat' dir='ltr'><strong>omnes</strong></span> <span class='ocrx_word' id='word_1_140' title='bbox 909 2198 1004 2290; x_wconf 88' lang='lat' dir='ltr'><strong>apud</strong></span> <span class='ocrx_word' id='word_1_141' title='bbox 1026 2222 1063 2267; x_wconf 91' lang='lat' dir='ltr'><strong>se</strong></span> <span class='ocrx_word' id='word_1_142' title='bbox 1085 2144 1228 2266; x_wconf 82' lang='lat' dir='ltr'><strong>divisum</strong></span> 
     </span>
     <span class='ocr_line' id='line_1_19' title="bbox 169 2284 1229 2396; baseline -0.006 -23"><span class='ocrx_word' id='word_1_143' title='bbox 169 2284 310 2373; x_wconf 79' lang='lat' dir='ltr'><strong>ercitum</strong></span> <span class='ocrx_word' id='word_1_144' title='bbox 335 2323 399 2396; x_wconf 88' lang='lat' dir='ltr'><strong>per</strong></span> <span class='ocrx_word' id='word_1_145' title='bbox 418 2300 572 2386; x_wconf 81' lang='lat' dir='ltr'><strong>insidias,</strong></span> <span class='ocrx_word' id='word_1_146' title='bbox 597 2323 640 2369; x_wconf 93' lang='lat' dir='ltr'><strong>ne</strong></span> <span class='ocrx_word' id='word_1_147' title='bbox 661 2300 806 2369; x_wconf 84' lang='lat' dir='ltr'><strong>invicem</strong></span> <span class='ocrx_word' id='word_1_148' title='bbox 826 2300 916 2370; x_wconf 82' lang='lat' dir='ltr'><strong>ferre</strong></span> <span class='ocrx_word' id='word_1_149' title='bbox 936 2302 1057 2369; x_wconf 83' lang='lat' dir='ltr'><strong>auxilia</strong></span> <span class='ocrx_word' id='word_1_150' title='bbox 1082 2311 1229 2393; x_wconf 88' lang='lat' dir='ltr'><strong>possent,</strong></span> 
     </span>
     <span class='ocr_line' id='line_1_20' title="bbox 169 2404 1278 2497; baseline 0.004 -24.014"><span class='ocrx_word' id='word_1_151' title='bbox 169 2404 382 2497; x_wconf 72' lang='lat' dir='ltr'><strong>gradiuntur.</strong></span> <span class='ocrx_word' id='word_1_152' title='bbox 435 2404 534 2488; x_wconf 81' lang='lat' dir='ltr'><strong>Quae</strong></span> <span class='ocrx_word' id='word_1_153' title='bbox 549 2424 654 2492; x_wconf 90' lang='lat' dir='ltr'><strong>quum</strong></span> <span class='ocrx_word' id='word_1_154' title='bbox 668 2404 816 2471; x_wconf 88' lang='lat' dir='ltr'><strong>nuntiata</strong></span> <span class='ocrx_word' id='word_1_155' title='bbox 831 2404 1004 2473; x_wconf 87' lang='lat' dir='ltr'><strong>Antiocho</strong></span> <span class='ocrx_word' id='word_1_156' title='bbox 1018 2416 1141 2489; x_wconf 86' lang='lat' dir='ltr'><strong>essent,</strong></span> <span class='ocrx_word' id='word_1_157' title='bbox 1168 2428 1230 2471; x_wconf 86' lang='lat' dir='ltr'><strong>an·</strong></span> <span class='ocrx_word' id='word_1_158' title='bbox 1257 2416 1278 2477; x_wconf 83' lang='lat'><strong>9</strong></span> 
     </span>
     <span class='ocr_line' id='line_1_21' title="bbox 172 2506 1232 2601; baseline 0 -26"><span class='ocrx_word' id='word_1_159' title='bbox 172 2509 243 2577; x_wconf 91' lang='lat' dir='ltr'><strong>ium</strong></span> <span class='ocrx_word' id='word_1_160' title='bbox 264 2506 426 2601; x_wconf 81' lang='lat' dir='ltr'><strong>proximis</strong></span> <span class='ocrx_word' id='word_1_161' title='bbox 440 2507 587 2591; x_wconf 89' lang='lat' dir='ltr'><strong>laturus,</strong></span> <span class='ocrx_word' id='word_1_162' title='bbox 613 2528 692 2575; x_wconf 89' lang='lat' dir='ltr'><strong>cum</strong></span> <span class='ocrx_word' id='word_1_163' title='bbox 714 2530 755 2576; x_wconf 90' lang='lat' dir='ltr'><strong>ea</strong></span> <span class='ocrx_word' id='word_1_164' title='bbox 774 2530 894 2592; x_wconf 85' lang='lat' dir='ltr'><strong>manu,</strong></span> <span class='ocrx_word' id='word_1_165' title='bbox 921 2530 1009 2596; x_wconf 89' lang='lat' dir='ltr'><strong>qnae</strong></span> <span class='ocrx_word' id='word_1_166' title='bbox 1022 2531 1138 2578; x_wconf 87' lang='lat' dir='ltr'><strong>secum</strong></span> <span class='ocrx_word' id='word_1_167' title='bbox 1154 2507 1232 2575; x_wconf 90' lang='lat' dir='ltr'><strong>hie-</strong></span> 
     </span>
     <span class='ocr_line' id='line_1_22' title="bbox 172 2610 1260 2703; baseline -0.005 -22"><span class='ocrx_word' id='word_1_168' title='bbox 172 2611 261 2700; x_wconf 82' lang='lat' dir='ltr'><strong>ahat,</strong></span> <span class='ocrx_word' id='word_1_169' title='bbox 285 2610 515 2703; x_wconf 83' lang='lat' dir='ltr'><strong>progreditur.</strong></span> <span class='ocrx_word' id='word_1_170' title='bbox 553 2611 592 2678; x_wconf 94' lang='lat' dir='ltr'><strong>In</strong></span> <span class='ocrx_word' id='word_1_171' title='bbox 605 2611 725 2677; x_wconf 88' lang='lat' dir='ltr'><strong>ithrere</strong></span> <span class='ocrx_word' id='word_1_172' title='bbox 739 2610 876 2677; x_wconf 90' lang='lat' dir='ltr'><strong>obvium</strong></span> <span class='ocrx_word' id='word_1_173' title='bbox 891 2633 1010 2702; x_wconf 84' lang='lat' dir='ltr'><strong>regem</strong></span> <span class='ocrx_word' id='word_1_174' title='bbox 1026 2610 1231 2679; x_wconf 85' lang='lat' dir='ltr'><strong>Parthorum</strong></span> <span class='ocrx_word' id='word_1_175' title='bbox 1255 2680 1260 2693; x_wconf 57' lang='grc'><em>,</em></span> 
     </span>
     <span class='ocr_line' id='line_1_23' title="bbox 172 2712 1233 2803; baseline -0.003 -19.994"><span class='ocrx_word' id='word_1_176' title='bbox 172 2714 269 2801; x_wconf 78' lang='lat' dir='ltr'><strong>huit,</strong></span> <span class='ocrx_word' id='word_1_177' title='bbox 295 2714 454 2783; x_wconf 87' lang='lat' dir='ltr'><strong>adversus</strong></span> <span class='ocrx_word' id='word_1_178' title='bbox 468 2736 571 2803; x_wconf 90' lang='lat' dir='ltr'><strong>qnem</strong></span> <span class='ocrx_word' id='word_1_179' title='bbox 586 2712 722 2801; x_wconf 83' lang='lat' dir='ltr'><strong>fortius,</strong></span> <span class='ocrx_word' id='word_1_180' title='bbox 749 2733 852 2802; x_wconf 88' lang='lat' dir='ltr'><strong>quam</strong></span> <span class='ocrx_word' id='word_1_181' title='bbox 869 2714 1032 2783; x_wconf 87' lang='lat' dir='ltr'><strong>exercitus</strong></span> <span class='ocrx_word' id='word_1_182' title='bbox 1046 2715 1117 2782; x_wconf 87' lang='lat' dir='ltr'><strong>eius</strong></span> <span class='ocrx_word' id='word_1_183' title='bbox 1132 2714 1233 2781; x_wconf 91' lang='lat' dir='ltr'><strong>dimi-</strong></span> 
     </span>
    </p>

    <p class='ocr_par' dir='ltr' id='par_1_5' title="bbox 173 2815 1283 3115">
     <span class='ocr_line' id='line_1_24' title="bbox 173 2815 1283 2917; baseline 0 -30"><span class='ocrx_word' id='word_1_184' title='bbox 173 2818 227 2887; x_wconf 82' lang='grc' dir='ltr'><strong>ιίι.</strong></span> <span class='ocrx_word' id='word_1_185' title='bbox 280 2815 337 2887; x_wconf 89' lang='lat' dir='ltr'><strong>Ad</strong></span> <span class='ocrx_word' id='word_1_186' title='bbox 353 2825 562 2906; x_wconf 90' lang='lat' dir='ltr'><strong>postremum</strong></span> <span class='ocrx_word' id='word_1_187' title='bbox 577 2827 709 2901; x_wconf 91' lang='lat' dir='ltr'><strong>tamen,</strong></span> <span class='ocrx_word' id='word_1_188' title='bbox 737 2840 842 2905; x_wconf 90' lang='lat' dir='ltr'><strong>quum</strong></span> <span class='ocrx_word' id='word_1_189' title='bbox 855 2817 975 2886; x_wconf 86' lang='lat' dir='ltr'><strong>virtute</strong></span> <span class='ocrx_word' id='word_1_190' title='bbox 988 2818 1148 2887; x_wconf 86' lang='lat' dir='ltr'><strong>hostes</strong></span> <span class='ocrx_word' id='word_1_191' title='bbox 1117 2840 1232 2917; x_wconf 79' lang='lat' dir='ltr'><strong>vince·</strong></span> <span class='ocrx_word' id='word_1_192' title='bbox 1215 2826 1283 2887; x_wconf 93' lang='lat'><strong>-10</strong></span> 
     </span>
     <span class='ocr_line' id='line_1_25' title="bbox 173 2904 1233 3041; baseline -0.003 -52"><span class='ocrx_word' id='word_1_193' title='bbox 173 2914 225 3041; x_wconf 74' lang='lat' dir='ltr'><strong>nt,</strong></span> <span class='ocrx_word' id='word_1_194' title='bbox 246 2930 340 2991; x_wconf 90' lang='lat' dir='ltr'><strong>metu</strong></span> <span class='ocrx_word' id='word_1_195' title='bbox 352 2941 490 2988; x_wconf 87' lang='lat' dir='ltr'><strong>snorum</strong></span> <span class='ocrx_word' id='word_1_196' title='bbox 506 2920 671 3003; x_wconf 85' lang='lat' dir='ltr'><strong>desertus,</strong></span> <span class='ocrx_word' id='word_1_197' title='bbox 691 2918 872 2990; x_wconf 86' lang='lat' dir='ltr'><strong>occiditur.</strong></span> <span class='ocrx_word' id='word_1_198' title='bbox 898 2943 952 2990; x_wconf 89' lang='lat' dir='ltr'><strong>cnr</strong></span> <span class='ocrx_word' id='word_1_199' title='bbox 941 2919 1158 2988; x_wconf 84' lang='lat' dir='ltr'><strong>Phrahates</strong></span> <span class='ocrx_word' id='word_1_200' title='bbox 1173 2904 1233 2988; x_wconf 82' lang='lat' dir='ltr'><strong>eir-</strong></span> 
     </span>
     <span class='ocr_line' id='line_1_26' title="bbox 174 3022 1235 3143; baseline -0.003 -50"><span class='ocrx_word' id='word_1_201' title='bbox 174 3022 263 3115; x_wconf 64' lang='lat' dir='ltr'><strong>{nias</strong></span> <span class='ocrx_word' id='word_1_202' title='bbox 282 3023 380 3115; x_wconf 84' lang='lat' dir='ltr'><strong>regio</strong></span> <span class='ocrx_word' id='word_1_203' title='bbox 403 3044 500 3091; x_wconf 91' lang='lat' dir='ltr'><strong>more</strong></span> <span class='ocrx_word' id='word_1_204' title='bbox 523 3024 622 3109; x_wconf 86' lang='lat' dir='ltr'><strong>fecit,</strong></span> <span class='ocrx_word' id='word_1_205' title='bbox 646 3023 821 3110; x_wconf 88' lang='lat' dir='ltr'><strong>Iiiiamque</strong></span> <span class='ocrx_word' id='word_1_206' title='bbox 845 3023 1027 3111; x_wconf 88' lang='lat' dir='ltr'><strong>Demetrii,</strong></span> <span class='ocrx_word' id='word_1_207' title='bbox 1044 3047 1156 3143; x_wconf 33' lang='lat' dir='ltr'><strong>‘qnam</strong></span> <span class='ocrx_word' id='word_1_208' title='bbox 1179 3046 1235 3091; x_wconf 94' lang='lat' dir='ltr'><strong>se-</strong></span> 
     </span>
    </p>

    <p class='ocr_par' dir='ltr' id='par_1_6' title="bbox 176 3125 1235 3218">
     <span class='ocr_line' id='line_1_27' title="bbox 176 3125 1235 3218; baseline -0.006 -21"><span class='ocrx_word' id='word_1_209' title='bbox 176 3150 211 3197; x_wconf 92' lang='lat' dir='ltr'><strong>m</strong></span> <span class='ocrx_word' id='word_1_210' title='bbox 229 3125 429 3198; x_wconf 85' lang='lat' dir='ltr'><strong>&#39;Antiochus</strong></span> <span class='ocrx_word' id='word_1_211' title='bbox 453 3126 659 3208; x_wconf 86' lang='lat' dir='ltr'><strong>adduxerat,</strong></span> <span class='ocrx_word' id='word_1_212' title='bbox 687 3135 805 3215; x_wconf 89' lang='lat' dir='ltr'><strong>captus</strong></span> <span class='ocrx_word' id='word_1_213' title='bbox 829 3150 946 3193; x_wconf 89' lang='lat' dir='ltr'><strong>amore</strong></span> <span class='ocrx_word' id='word_1_214' title='bbox 968 3127 1123 3218; x_wconf 83' lang='lat' dir='ltr'><strong>virginis,</strong></span> <span class='ocrx_word' id='word_1_215' title='bbox 1148 3149 1235 3193; x_wconf 85' lang='lat' dir='ltr'><strong>uxo-</strong></span> 
     </span>
    </p>

    <p class='ocr_par' dir='ltr' id='par_1_7' title="bbox 176 3227 1280 3321">
     <span class='ocr_line' id='line_1_28' title="bbox 176 3227 1280 3321; baseline -0.002 -20"><span class='ocrx_word' id='word_1_216' title='bbox 176 3244 202 3301; x_wconf 86' lang='lat' dir='ltr'><strong>rt</strong></span> <span class='ocrx_word' id='word_1_217' title='bbox 217 3230 322 3304; x_wconf 82' lang='lat' dir='ltr'><strong>duxit.</strong></span> <span class='ocrx_word' id='word_1_218' title='bbox 373 3230 554 3300; x_wconf 85' lang='lat' dir='ltr'><strong>Paenitere</strong></span> <span class='ocrx_word' id='word_1_219' title='bbox 568 3227 692 3297; x_wconf 90' lang='lat' dir='ltr'><strong>deinde</strong></span> <span class='ocrx_word' id='word_1_220' title='bbox 706 3228 834 3296; x_wconf 89' lang='lat' dir='ltr'><strong>dimissi</strong></span> <span class='ocrx_word' id='word_1_221' title='bbox 847 3230 1012 3298; x_wconf 89' lang='lat' dir='ltr'><strong>Demetrii</strong></span> <span class='ocrx_word' id='word_1_222' title='bbox 1031 3232 1163 3321; x_wconf 86' lang='lat' dir='ltr'><strong>eoepit:</strong></span> <span class='ocrx_word' id='word_1_223' title='bbox 1189 3231 1280 3299; x_wconf 85' lang='lat' dir='ltr'><strong>adIt</strong></span> 
     </span>
    </p>
   </div>
   <div class='ocr_carea' id='block_1_3' title="bbox 178 3427 1345 4458">
    <p class='ocr_par' dir='ltr' id='par_1_8' title="bbox 178 3427 1288 3669">
     <span class='ocr_line' id='line_1_29' title="bbox 199 3427 1287 3504; baseline -0.006 -18"><span class='ocrx_word' id='word_1_224' title='bbox 199 3431 224 3500; x_wconf 58' lang='grc' dir='ltr'><strong>ἦ.</strong></span> <span class='ocrx_word' id='word_1_225' title='bbox 241 3432 269 3487; x_wconf 85' lang='grc'><strong>8.</strong></span> <span class='ocrx_word' id='word_1_226' title='bbox 286 3433 424 3504; x_wconf 81' lang='lat' dir='ltr'><strong>copiarum</strong></span> <span class='ocrx_word' id='word_1_227' title='bbox 442 3427 623 3503; x_wconf 65' lang='lat' dir='ltr'><strong>praebitione.</strong></span> <span class='ocrx_word' id='word_1_228' title='bbox 666 3433 754 3491; x_wconf 84' lang='lat' dir='ltr'><strong>Unter</strong></span> <span class='ocrx_word' id='word_1_229' title='bbox 771 3432 867 3503; x_wconf 79' lang='lat' dir='ltr'><strong>copiae</strong></span> <span class='ocrx_word' id='word_1_230' title='bbox 886 3428 923 3481; x_wconf 85' lang='lat' dir='ltr'><strong>ist</strong></span> <span class='ocrx_word' id='word_1_231' title='bbox 938 3428 1002 3481; x_wconf 86' lang='lat' dir='ltr'><strong>hier</strong></span> <span class='ocrx_word' id='word_1_232' title='bbox 1018 3429 1087 3481; x_wconf 83' lang='lat' dir='ltr'><strong>alles</strong></span> <span class='ocrx_word' id='word_1_233' title='bbox 1106 3427 1155 3480; x_wconf 87' lang='lat' dir='ltr'><strong>das</strong></span> <span class='ocrx_word' id='word_1_234' title='bbox 1172 3447 1205 3481; x_wconf 85' lang='lat' dir='ltr'><strong>zu</strong></span> <span class='ocrx_word' id='word_1_235' title='bbox 1224 3446 1287 3480; x_wconf 81' lang='lat' dir='ltr'><strong>ver-</strong></span> 
     </span>
     <span class='ocr_line' id='line_1_30' title="bbox 178 3508 1288 3589; baseline -0.004 -18"><span class='ocrx_word' id='word_1_236' title='bbox 178 3516 246 3583; x_wconf 81' lang='lat' dir='ltr'><strong>hen,</strong></span> <span class='ocrx_word' id='word_1_237' title='bbox 263 3534 319 3569; x_wconf 79' lang='lat' dir='ltr'><strong>was</strong></span> <span class='ocrx_word' id='word_1_238' title='bbox 335 3518 399 3583; x_wconf 85' lang='lat' dir='ltr'><strong>jene</strong></span> <span class='ocrx_word' id='word_1_239' title='bbox 416 3520 504 3570; x_wconf 87' lang='lat' dir='ltr'><strong>Lente</strong></span> <span class='ocrx_word' id='word_1_240' title='bbox 522 3533 558 3567; x_wconf 86' lang='lat' dir='ltr'><strong>an</strong></span> <span class='ocrx_word' id='word_1_241' title='bbox 577 3508 793 3571; x_wconf 76' lang='lat' dir='ltr'><strong>&#39;Lehmamietehr</strong></span> <span class='ocrx_word' id='word_1_242' title='bbox 810 3515 868 3568; x_wconf 90' lang='lat' dir='ltr'><strong>und</strong></span> <span class='ocrx_word' id='word_1_243' title='bbox 886 3533 922 3567; x_wconf 87' lang='lat' dir='ltr'><strong>aa</strong></span> <span class='ocrx_word' id='word_1_244' title='bbox 940 3516 1024 3568; x_wconf 82' lang='lat' dir='ltr'><strong>aliem</strong></span> <span class='ocrx_word' id='word_1_245' title='bbox 1049 3518 1162 3589; x_wconf 80' lang='lat' dir='ltr'><strong>iibrigm</strong></span> <span class='ocrx_word' id='word_1_246' title='bbox 1182 3516 1288 3586; x_wconf 77' lang='lat' dir='ltr'><strong>Bedars</strong></span> 
     </span>
     <span class='ocr_line' id='line_1_31' title="bbox 179 3594 1109 3669; baseline -0.002 -12"><span class='ocrx_word' id='word_1_247' title='bbox 179 3622 197 3657; x_wconf 88' lang='lat' dir='ltr'><strong>rr</strong></span> <span class='ocrx_word' id='word_1_248' title='bbox 214 3594 368 3657; x_wconf 69' lang='lat' dir='ltr'><strong>Antiochus</strong></span> <span class='ocrx_word' id='word_1_249' title='bbox 385 3604 487 3657; x_wconf 83' lang='lat' dir='ltr'><strong>liefern</strong></span> <span class='ocrx_word' id='word_1_250' title='bbox 505 3611 639 3656; x_wconf 81' lang='lat' dir='ltr'><strong>muraten.</strong></span> <span class='ocrx_word' id='word_1_251' title='bbox 674 3606 700 3655; x_wconf 83' lang='lat' dir='ltr'><strong>S.</strong></span> <span class='ocrx_word' id='word_1_252' title='bbox 721 3601 767 3655; x_wconf 84' lang='lat' dir='ltr'><strong>dis</strong></span> <span class='ocrx_word' id='word_1_253' title='bbox 784 3606 911 3657; x_wconf 80' lang='lat' dir='ltr'><strong>Anmcrlr.</strong></span> <span class='ocrx_word' id='word_1_254' title='bbox 930 3620 964 3654; x_wconf 89' lang='lat' dir='ltr'><strong>zu</strong></span> <span class='ocrx_word' id='word_1_255' title='bbox 982 3603 1015 3669; x_wconf 87' lang='lat' dir='ltr'><strong>V,</strong></span> <span class='ocrx_word' id='word_1_256' title='bbox 1033 3605 1065 3668; x_wconf 90' lang='lat'><strong>8,</strong></span> <span class='ocrx_word' id='word_1_257' title='bbox 1082 3604 1109 3656; x_wconf 78' lang='lat'><strong>2.</strong></span> 
     </span>
    </p>

    <p class='ocr_par' dir='ltr' id='par_1_9' title="bbox 180 3686 1345 4458">
     <span class='ocr_line' id='line_1_32' title="bbox 202 3686 1287 3764; baseline -0.009 -18"><span class='ocrx_word' id='word_1_258' title='bbox 202 3692 225 3761; x_wconf 66' lang='lat'><strong>§0</strong></span> <span class='ocrx_word' id='word_1_259' title='bbox 244 3694 285 3746; x_wconf 90' lang='lat' dir='ltr'><strong>II.</strong></span> <span class='ocrx_word' id='word_1_260' title='bbox 304 3696 445 3764; x_wconf 83' lang='lat' dir='ltr'><strong>poenitere</strong></span> <span class='ocrx_word' id='word_1_261' title='bbox 460 3694 558 3745; x_wconf 80' lang='lat' dir='ltr'><strong>deindo</strong></span> <span class='ocrx_word' id='word_1_262' title='bbox 576 3693 683 3744; x_wconf 80' lang='lat' dir='ltr'><strong>dimissi</strong></span> <span class='ocrx_word' id='word_1_263' title='bbox 695 3692 830 3742; x_wconf 80' lang='lat' dir='ltr'><strong>Demetrii</strong></span> <span class='ocrx_word' id='word_1_264' title='bbox 842 3693 939 3761; x_wconf 79' lang='lat' dir='ltr'><strong>coepit.</strong></span> <span class='ocrx_word' id='word_1_265' title='bbox 975 3694 1118 3742; x_wconf 81' lang='lat' dir='ltr'><strong>Poenitere</strong></span> <span class='ocrx_word' id='word_1_266' title='bbox 1133 3686 1201 3739; x_wconf 83' lang='lat' dir='ltr'><strong>wird</strong></span> <span class='ocrx_word' id='word_1_267' title='bbox 1216 3687 1287 3753; x_wconf 84' lang='lat' dir='ltr'><strong>hier,</strong></span> 
     </span>
     <span class='ocr_line' id='line_1_33' title="bbox 180 3772 1288 3846; baseline -0.007 -14"><span class='ocrx_word' id='word_1_268' title='bbox 180 3796 215 3833; x_wconf 88' lang='lat' dir='ltr'><strong>nn</strong></span> <span class='ocrx_word' id='word_1_269' title='bbox 232 3795 298 3832; x_wconf 82' lang='lat' dir='ltr'><strong>man</strong></span> <span class='ocrx_word' id='word_1_270' title='bbox 316 3777 394 3830; x_wconf 87' lang='lat' dir='ltr'><strong>nicht</strong></span> <span class='ocrx_word' id='word_1_271' title='bbox 420 3787 490 3830; x_wconf 83' lang='lat' dir='ltr'><strong>etwa</strong></span> <span class='ocrx_word' id='word_1_272' title='bbox 514 3775 568 3828; x_wconf 87' lang='lat' dir='ltr'><strong>den</strong></span> <span class='ocrx_word' id='word_1_273' title='bbox 593 3774 740 3828; x_wconf 74' lang='lat' dir='ltr'><strong>accuratis</strong></span> <span class='ocrx_word' id='word_1_274' title='bbox 763 3774 814 3827; x_wconf 84' lang='lat' dir='ltr'><strong>der</strong></span> <span class='ocrx_word' id='word_1_275' title='bbox 829 3777 932 3828; x_wconf 84' lang='lat' dir='ltr'><strong>Person</strong></span> <span class='ocrx_word' id='word_1_276' title='bbox 951 3779 1088 3846; x_wconf 66' lang='lat' dir='ltr'><strong>ergdnzen</strong></span> <span class='ocrx_word' id='word_1_277' title='bbox 1106 3772 1178 3838; x_wconf 85' lang='lat' dir='ltr'><strong>will,</strong></span> <span class='ocrx_word' id='word_1_278' title='bbox 1195 3790 1288 3842; x_wconf 81' lang='lat' dir='ltr'><strong>perso·</strong></span> 
     </span>
     <span class='ocr_line' id='line_1_34' title="bbox 181 3863 1290 3934; baseline -0.008 -14"><span class='ocrx_word' id='word_1_279' title='bbox 181 3868 236 3921; x_wconf 74' lang='lat' dir='ltr'><strong>Iter</strong></span> <span class='ocrx_word' id='word_1_280' title='bbox 251 3864 415 3929; x_wconf 75' lang='lat' dir='ltr'><strong>construIrI,</strong></span> <span class='ocrx_word' id='word_1_281' title='bbox 432 3863 485 3917; x_wconf 84' lang='lat' dir='ltr'><strong>wie</strong></span> <span class='ocrx_word' id='word_1_282' title='bbox 503 3866 615 3931; x_wconf 86' lang='lat' dir='ltr'><strong>XXXI,</strong></span> <span class='ocrx_word' id='word_1_283' title='bbox 633 3865 665 3930; x_wconf 85' lang='lat'><strong>6,</strong></span> <span class='ocrx_word' id='word_1_284' title='bbox 683 3864 701 3917; x_wconf 88' lang='lat'><strong>6</strong></span> <span class='ocrx_word' id='word_1_285' title='bbox 708 3879 715 3913; x_wconf 77' lang='grc' dir='ltr'><strong>ι</strong></span> <span class='ocrx_word' id='word_1_286' title='bbox 734 3882 815 3933; x_wconf 86' lang='lat' dir='ltr'><strong>quum</strong></span> <span class='ocrx_word' id='word_1_287' title='bbox 826 3866 856 3916; x_wconf 86' lang='lat' dir='ltr'><strong>in</strong></span> <span class='ocrx_word' id='word_1_288' title='bbox 868 3867 966 3917; x_wconf 85' lang='lat' dir='ltr'><strong>Asiam</strong></span> <span class='ocrx_word' id='word_1_289' title='bbox 974 3864 1191 3934; x_wconf 80' lang='lat' dir='ltr'><strong>-pervenisset,</strong></span> <span class='ocrx_word' id='word_1_290' title='bbox 1209 3876 1290 3927; x_wconf 84' lang='lat' dir='ltr'><strong>poe·</strong></span> 
     </span>
     <span class='ocr_line' id='line_1_35' title="bbox 180 3948 1290 4022; baseline -0.005 -17"><span class='ocrx_word' id='word_1_291' title='bbox 180 3960 259 4005; x_wconf 81' lang='lat' dir='ltr'><strong>tare</strong></span> <span class='ocrx_word' id='word_1_292' title='bbox 283 3949 451 4022; x_wconf 79' lang='lat' dir='ltr'><strong>neglecti</strong></span> <span class='ocrx_word' id='word_1_293' title='bbox 474 3950 631 4003; x_wconf 81' lang='lat' dir='ltr'><strong>consilii</strong></span> <span class='ocrx_word' id='word_1_294' title='bbox 655 3948 788 4017; x_wconf 86' lang='lat' dir='ltr'><strong>coepit.</strong></span> <span class='ocrx_word' id='word_1_295' title='bbox 837 3949 944 4017; x_wconf 81' lang='lat' dir='ltr'><strong>x1,a,</strong></span> <span class='ocrx_word' id='word_1_296' title='bbox 963 3951 996 4004; x_wconf 82' lang='lat' dir='ltr'><strong>a:</strong></span> <span class='ocrx_word' id='word_1_297' title='bbox 1024 3949 1079 4001; x_wconf 84' lang='lat' dir='ltr'><strong>Sed</strong></span> <span class='ocrx_word' id='word_1_298' title='bbox 1099 3950 1290 4011; x_wconf 73' lang='lat' dir='ltr'><strong>Athenienses,</strong></span> 
     </span>
     <span class='ocr_line' id='line_1_36' title="bbox 182 4031 1289 4113; baseline -0.011 -18"><span class='ocrx_word' id='word_1_299' title='bbox 182 4043 217 4095; x_wconf 77' lang='lat' dir='ltr'><strong>tri</strong></span> <span class='ocrx_word' id='word_1_300' title='bbox 225 4042 312 4113; x_wconf 82' lang='lat' dir='ltr'><strong>primi</strong></span> <span class='ocrx_word' id='word_1_301' title='bbox 325 4038 496 4106; x_wconf 75' lang='lat' dir='ltr'><strong>defecerant,</strong></span> <span class='ocrx_word' id='word_1_302' title='bbox 521 4042 563 4090; x_wconf 84' lang='lat' dir='ltr'><strong>ita</strong></span> <span class='ocrx_word' id='word_1_303' title='bbox 579 4042 664 4110; x_wconf 82' lang='lat' dir='ltr'><strong>primi</strong></span> <span class='ocrx_word' id='word_1_304' title='bbox 683 4035 877 4106; x_wconf 83' lang='lat' dir='ltr'><strong>poenitere</strong></span> <span class='ocrx_word' id='word_1_305' title='bbox 895 4040 1108 4102; x_wconf 85' lang='lat' dir='ltr'><strong>coeperunt.</strong></span> <span class='ocrx_word' id='word_1_306' title='bbox 1148 4031 1205 4083; x_wconf 75' lang='lat' dir='ltr'><strong>Ani</strong></span> <span class='ocrx_word' id='word_1_307' title='bbox 1220 4032 1289 4102; x_wconf 80' lang='lat' dir='ltr'><strong>glei-</strong></span> 
     </span>
     <span class='ocr_line' id='line_1_37' title="bbox 182 4121 1292 4191; baseline -0.003 -14"><span class='ocrx_word' id='word_1_308' title='bbox 182 4125 297 4179; x_wconf 81' lang='lat' dir='ltr'><strong>iWeise</strong></span> <span class='ocrx_word' id='word_1_309' title='bbox 314 4124 391 4177; x_wconf 83' lang='lat' dir='ltr'><strong>lesen</strong></span> <span class='ocrx_word' id='word_1_310' title='bbox 409 4124 539 4177; x_wconf 85' lang='lat' dir='ltr'><strong>mehrere</strong></span> <span class='ocrx_word' id='word_1_311' title='bbox 560 4124 778 4176; x_wconf 85' lang='lat' dir='ltr'><strong>HandschriIten</strong></span> <span class='ocrx_word' id='word_1_312' title='bbox 798 4123 875 4187; x_wconf 86' lang='lat' dir='ltr'><strong>XIII,</strong></span> <span class='ocrx_word' id='word_1_313' title='bbox 897 4125 930 4186; x_wconf 93' lang='lat'><strong>1,</strong></span> <span class='ocrx_word' id='word_1_314' title='bbox 949 4121 981 4175; x_wconf 83' lang='lat'><strong>5:</strong></span> <span class='ocrx_word' id='word_1_315' title='bbox 1009 4136 1149 4188; x_wconf 83' lang='lat' dir='ltr'><strong>quae-</strong></span> <span class='ocrx_word' id='word_1_316' title='bbox 1169 4142 1187 4174; x_wconf 88' lang='grc' dir='ltr'><em>α</em></span> <span class='ocrx_word' id='word_1_317' title='bbox 1203 4124 1292 4191; x_wconf 65' lang='lat' dir='ltr'><strong>sirari-</strong></span> 
     </span>
     <span class='ocr_line' id='line_1_38' title="bbox 193 4208 1291 4282; baseline -0.007 -15"><span class='ocrx_word' id='word_1_318' title='bbox 193 4228 290 4267; x_wconf 79' lang='lat' dir='ltr'><strong>tuntne</strong></span> <span class='ocrx_word' id='word_1_319' title='bbox 307 4215 463 4267; x_wconf 77' lang='lat' dir='ltr'><strong>maiestatis</strong></span> <span class='ocrx_word' id='word_1_320' title='bbox 478 4214 507 4264; x_wconf 85' lang='lat' dir='ltr'><strong>in</strong></span> <span class='ocrx_word' id='word_1_321' title='bbox 522 4216 714 4282; x_wconf 82' lang='lat' dir='ltr'><strong>captivitatem</strong></span> <span class='ocrx_word' id='word_1_322' title='bbox 728 4209 882 4262; x_wconf 77' lang='lat' dir='ltr'><strong>redacta</strong></span> <span class='ocrx_word' id='word_1_323' title='bbox 894 4235 930 4245; x_wconf 86' lang='lat'><strong>-·</strong></span> <span class='ocrx_word' id='word_1_324' title='bbox 947 4210 976 4258; x_wconf 87' lang='lat' dir='ltr'><strong>in</strong></span> <span class='ocrx_word' id='word_1_325' title='bbox 992 4228 1051 4259; x_wconf 84' lang='lat' dir='ltr'><strong>eom</strong></span> <span class='ocrx_word' id='word_1_326' title='bbox 1063 4208 1134 4259; x_wconf 85' lang='lat' dir='ltr'><strong>diem</strong></span> <span class='ocrx_word' id='word_1_327' title='bbox 1148 4211 1225 4259; x_wconf 68' lang='lat' dir='ltr'><strong>viem</strong></span> <span class='ocrx_word' id='word_1_328' title='bbox 1238 4228 1291 4259; x_wconf 73' lang='lat' dir='ltr'><strong>raon</strong></span> 
     </span>
     <span class='ocr_line' id='line_1_39' title="bbox 186 4295 1345 4369; baseline -0.008 -17"><span class='ocrx_word' id='word_1_329' title='bbox 186 4297 384 4356; x_wconf 81' lang='lat' dir='ltr'><strong>enituerat.</strong></span> <span class='ocrx_word' id='word_1_330' title='bbox 418 4296 527 4349; x_wconf 86' lang='lat' dir='ltr'><strong>Ehenso</strong></span> <span class='ocrx_word' id='word_1_331' title='bbox 547 4301 601 4351; x_wconf 75' lang='lat' dir='ltr'><strong>etc.</strong></span> <span class='ocrx_word' id='word_1_332' title='bbox 619 4302 697 4351; x_wconf 78' lang='lat' dir='ltr'><strong>Ture.</strong></span> <span class='ocrx_word' id='word_1_333' title='bbox 716 4300 753 4365; x_wconf 91' lang='lat' dir='ltr'><strong>V,</strong></span> <span class='ocrx_word' id='word_1_334' title='bbox 770 4298 822 4352; x_wconf 68' lang='lat'><strong>282</strong></span> <span class='ocrx_word' id='word_1_335' title='bbox 843 4295 983 4364; x_wconf 79' lang='lat' dir='ltr'><strong>Sapientis</strong></span> <span class='ocrx_word' id='word_1_336' title='bbox 995 4306 1037 4345; x_wconf 84' lang='lat' dir='ltr'><strong>est</strong></span> <span class='ocrx_word' id='word_1_337' title='bbox 1047 4297 1195 4364; x_wconf 81' lang='lat' dir='ltr'><strong>proprium,</strong></span> <span class='ocrx_word' id='word_1_338' title='bbox 1214 4296 1293 4356; x_wconf 77' lang='lat' dir='ltr'><strong>nihit,</strong></span> <span class='ocrx_word' id='word_1_339' title='bbox 1338 4362 1345 4369; x_wconf 35' lang='grc'><em>.</em></span> 
     </span>
     <span class='ocr_line' id='line_1_40' title="bbox 182 4379 1292 4458; baseline -0.007 -21"><span class='ocrx_word' id='word_1_340' title='bbox 182 4388 208 4442; x_wconf 74' lang='grc' dir='ltr'><strong>ιιι</strong></span> <span class='ocrx_word' id='word_1_341' title='bbox 225 4384 419 4456; x_wconf 82' lang='lat' dir='ltr'><strong>poenitere</strong></span> <span class='ocrx_word' id='word_1_342' title='bbox 436 4383 563 4453; x_wconf 81' lang='lat' dir='ltr'><strong>pouit,</strong></span> <span class='ocrx_word' id='word_1_343' title='bbox 574 4385 691 4458; x_wconf 64' lang='lat' dir='ltr'><strong>facem</strong></span> <span class='ocrx_word' id='word_1_344' title='bbox 709 4383 797 4454; x_wconf 79' lang='lat' dir='ltr'><strong>rergl.</strong></span> <span class='ocrx_word' id='word_1_345' title='bbox 808 4384 842 4436; x_wconf 78' lang='lat' dir='ltr'><strong>de</strong></span> <span class='ocrx_word' id='word_1_346' title='bbox 850 4385 956 4434; x_wconf 77' lang='lat' dir='ltr'><strong>Inveni.</strong></span> <span class='ocrx_word' id='word_1_347' title='bbox 966 4383 998 4443; x_wconf 94' lang='lat' dir='ltr'><strong>II,</strong></span> <span class='ocrx_word' id='word_1_348' title='bbox 1011 4379 1053 4433; x_wconf 81' lang='lat'><strong>13.</strong></span> <span class='ocrx_word' id='word_1_349' title='bbox 1088 4384 1151 4435; x_wconf 69' lang='lat' dir='ltr'><strong>Lis.</strong></span> <span class='ocrx_word' id='word_1_350' title='bbox 1165 4382 1292 4443; x_wconf 58' lang='lat' dir='ltr'><strong>XXXVI,</strong></span> 
     </span>
    </p>
   </div>
   <div class='ocr_carea' id='block_1_4' title="bbox 0 1 1386 4718">
    <p class='ocr_par' dir='ltr' id='par_1_10' title="bbox 0 1 1386 4718">
     <span class='ocr_line' id='line_1_41' title="bbox 0 1 1386 4718; baseline 0 0"><span class='ocrx_word' id='word_1_351' title='bbox 0 1 1386 4718; x_wconf 95' lang='lat' dir='ltr'><strong> </strong></span> 
     </span>
    </p>
   </div>
  </div>
 </body>
</html>
