2692 4718
467 240 658 349 ursuni.
678 274 765 338 ιιιι.
787 274 887 341 xxx.
915 276 1011 341 car.
1031 282 1065 343 ι.
1261 270 1323 347 ἰι

187 431 298 524 plicio
325 431 541 502 meretricum
569 431 663 505 velut
688 432 825 523 expiata
851 433 950 525 regui
976 434 1134 520 iufamia,
1159 434 1295 528 legatos

187 535 408 607 Alexandrini
422 535 468 604 ad
482 536 657 603 Romanos
671 536 810 622 misere,
833 547 983 623 orantes,
1009 546 1048 606 ut
1060 539 1210 608 tutelam
1224 561 1295 630 pu-

184 641 271 763 pilli
283 641 524 731 susciperent,-
548 645 797 731 mereaturque
821 661 976 732 regoum
991 640 1173 736 Aegypti,
1199 642 1296 735 qood

188 746 264 813 ium
283 743 493 834 Philippum
514 749 548 809 et
569 739 800 833 Antiochum,
815 742 929 836 sacto
950 745 1042 815 inter
1058 748 1294 840 aspectione,

152 848 353 917 *divinoe
372 846 541 915 dicebaut.

244 1016 331 1089 Car.
348 1010 419 1091 11.1
473 974 581 1086 (irata
607 1015 747 1109 legatio
762 1016 926 1086 Romanis
953 1017 1036 1104 luit,
1068 1040 1183 1089 causas
1209 1016 1295 1086 belli
1324 1027 1342 1090 1

168 1122 352 1191 adversus
372 1119 588 1213 Philippum
600 1121 851 1209 quaerentibus,
877 1122 935 1210 qui
956 1119 1175 1191 iu’sidiatu's
1145 1145 1194 1190 cis
1207 1130 1295 1207 tem-

188 1228 332 1319 poribus
346 1225 466 1293 Punici
481 1225 562 1293 belli
578 1225 697 1293 fuerat.
741 1224 821 1296 Huc
834 1225 1040 1311 accedebat,
1066 1225 1178 1316 quod,
1204 1226 1296 1293 Poe-

190 1331 244 1399 nis
260 1338 292 1398 et
307 1328 501 1398 Hannibale
515 1338 695 1419 superato,
706 1328 842 1401 nullius
858 1316 967 1420 magis
982 1352 1075 1398 arma
1090 1328 1297 1416 metuebant,

163 1466 166 1471 ·
191 1433 442 1535 reputantibus,
467 1443 629 1520 quantum
647 1439 778 1500 motum
799 1432 947 1522 Pyrrhus
965 1455 1072 1524 parva
1094 1455 1207 1501 mauu
1215 1430 1298 1499 Ma-

171 1528 395 1627 ‚cedonum
385 1559 419 1602 m
434 1535 545 1603 ltalia
552 1520 703 1621 fecisset,
731 1545 941 1624 quantasque
963 1560 1016 1605 res
1041 1535 1273 1606 Macedones
1263 1557 1298 1601 ru

192 1640 334 1713 Oriente
343 1637 535 1732 'gessissent
586 1638 767 1706 Mittuntur
778 1638 893 1727 itaque
906 1639 1030 1731 legati,
1050 1639 1110 1729 qui
1123 1637 1297 1715 Antiocho

193 1742 407 1834 etPhilippo
427 1742 638 1830 denuntient,
651 1763 767 1835 regno
784 1743 948 1835 Aegypti
966 1741 1176 1811 obstineant.
1210 1741 1298 1810 Mit-
1332 1778 1346 1805 ι.

190 1850 275 1924 titur
289 1856 323 1916 et
337 1846 387 1914 Μ.
402 1845 554 1937 Lepidus
571 1830 608 1913 iu
627 1847 847 1938 Aegyptum,
873 1845 932 1933 qui
952 1846 1077 1913 tutorio
1091 1845 1227 1912 nomine
1240 1869 1298 1914 re-

144 2028 155 2043 ,
192 1954 304 2045 ‘gnum
331 1949 455 2042 pupilli
478 1948 693 2017 administret
744 1948 837 2016 Dum
859 1948 949 2016 haec
975 1957 1140 2040 aguntur,
1165 1948 1298 2017 interim
1338 1964 1346 1987 ⁴

171 2052 383 2147 ‘'legationes
405 2053 512 2121 Attali
532 2053 639 2144 regis,
667 2060 700 2120 et
720 2051 957 2137 Rhodiorum,
983 2053 1118 2121 iniurias
1142 2052 1299 2144 Philippi

193 2167 390 2249 querenteS,
417 2157 564 2224 Romam
583 2164 751 2224 venerunt.
804 2153 903 2242 Quae
927 2178 979 2224 res
1002 2178 1139 2224 omnem
1158 2168 1299 2225 cuncta-

193 2263 323 2333 tionem
343 2259 564 2329 Macedonici
594 2259 677 2326 belli
698 2261 825 2328 senatui
853 2259 984 2327 exemit
1036 2259 1158 2328 Statim
1181 2260 1297 2352 igitur,
1332 2278 1346 2322 ι

159 2370 163 2375 “
194 2364 297 2435 titulo
321 2363 453 2431 ferendi
476 2363 573 2429 sociis
593 2362 723 2446 auxilii,
757 2361 888 2451 belluni
907 2362 1074 2430 adversus
1094 2362 1299 2454 Philippum

173 2454 407 2554 =decernitur,
424 2466 650 2557 'legionesque
664 2487 742 2535 oum
760 2466 897 2534 consule
907 2465 942 2532 iu
956 2465 1200 2540 Macedoniam,
1219 2466 1299 2535 mit-

144 2660 151 2667 ·
195 2581 323 2641 tuntur.
373 2562 447 2637 Nec
471 2570 578 2636 multo
602 2578 680 2660 post
700 2578 859 2659 tempore
881 2578 964 2636 tota
977 2569 1144 2653 Graecia,
1170 2570 1296 2665 fiducia

143 2716 174 2753 ι,
195 2677 451 2756 Romanorum,
477 2672 635 2740 adversus
654 2670 854 2767 Philippum
874 2695 937 2764 ape
960 2672 1118 2763 pristinae
1139 2672 1300 2742 libertatis

199 2786 331 2863 erecta,
356 2776 486 2845 bellum
501 2770 673 2844 ei'iutulit:
699 2775 863 2864 atquem
875 2777 981 2867 quum
997 2794 1056 2845 rex
1071 2776 1219 2865 undique
1240 2800 1301 2845 ur-

168 2882 180 2971 J
197 2890 355 2976 geretur,
379 2900 499 2969 pacem
515 2889 633 2971 petere
647 2879 874 2970 compellitur.
920 2879 1054 2948 Deinde
1069 2903 1173 2968 quum
1190 2902 1299 2971 expo·
1334 2900 1343 2943 ι

173 3062 177 3069 ,
198 2987 283 3057 sitae
302 2983 511 3053 conditiones
531 2983 625 3073 pacis
645 3005 666 3049 a
686 2982 849 3050 Romanis
871 2993 999 3069 essent,
1024 2994 1179 3074 repetere
1194 3007 1253 3052 sua
1268 2992 1303 3052 et

175 3088 356 3181 ¹Attalus,
382 3095 416 3154 et
429 3085 580 3168 Rhodii,
605 3093 639 3153 et
650 3085 801 3172 Achaei,
828 3093 861 3154 et
874 3088 987 3154 Aetoli
1002 3108 1159 3177 coepere.
1207 3086 1302 3156 Cou—
1336 3107 1344 3133 ·

199 3201 255 3261 tra
276 3178 481 3280 Philippus,
514 3188 651 3257 adduci
672 3210 712 3256 ce
735 3190 859 3281 posce,
893 3196 933 3256 ut
958 3182 1134 3258 Romanis
1155 3199 1303 3282 pareat,

155 3338 158 3345 ·
200 3293 432 3382 concedebat3
467 3298 623 3360 ceterum
644 3291 834 3383 iudignum
863 3312 956 3377 esse,
987 3291 1149 3361 Graecos
1167 3312 1203 3360 ιι
1213 3294 1305 3362 Phi-
1328 3304 1330 3309 '

201 3394 303 3491 lippo
321 3403 356 3465 et
375 3394 587 3463 Alexandro
599 3393 794 3491 maioribus
804 3394 878 3463 cuis
890 3396 1017 3484 victos,
1043 3404 1077 3464 et
1097 3395 1340 3501 subiugum

152 3500 156 3509 '
187 3497 459 3589 'Macedonici
445 3497 585 3617 imperis
578 3477 776 3583 subactos,
798 3497 907 3567 veluti
920 3499 1089 3585 victores,
1114 3499 1216 3593 leges
1226 3523 1303 3593 pa-

143 3604 150 3657 2
202 3606 257 3675 cia
268 3580 336 3674 sibi
346 3602 478 3688 dicere,
493 3599 619 3693 quibus
628 3601 735 3694 priua
747 3601 793 3669 ait
802 3601 981 3671 servitutis
992 3603 1086 3672 ratio
1099 3605 1302 3701 reddendo,

202 3730 314 3802 quum
328 3704 475 3795 libertos
489 3703 720 3773 vindicando.
770 3704 828 3775 ad
851 3713 1059 3796 postremum
1079 3716 1211 3792 tamen,
1237 3730 1300 3798 pe·
1308 3720 1345 3783 ιι

143 3848 167 3875 ψ
200 3821 295 3903 terite
311 3832 372 3895 eo,
395 3807 550 3878 induciae
564 3807 709 3875 duorum
720 3810 885 3877 meusium
903 3809 1022 3895 datae,
1045 3819 1083 3877 ut
1103 3833 1189 3901 pax,
1216 3835 1303 3900 quae

158 3906 177 3925 '
202 3910 539 3984 inMaccdouiauou
552 3910 785 4004 conveniebat,
807 3912 976 4035 Romaea
992 3921 1109 3983 senatu
1120 3923 1315 4006 peteretur,

266 4160 342 4217 Car.
358 4161 410 4217 111.
429 4161 452 4229 5.
469 4116 714 4235 amputantes
738 4161 804 4214 Mau
820 4161 904 4214 sollte
921 4155 1103 4218 ermmteure
1088 4179 1241 4237 <imputante
1260 4164 1346 4243 3.ᾱί

161 4266 174 4281 ’
200 4240 558 4326 Anmcr'lc.uu11,3,tti.
705 4279 715 4317 ,
958 4272 961 4277 ·
