2692 4718
128 272 207 346 sss,
445 328 509 339 ..
572 220 877 359 ,russina

148 422 151 435 '
176 436 255 519 tato'
275 420 387 523 gradis
408 426 444 499 in
455 425 642 500 Graeciam
663 428 856 513 contendit:
889 414 967 523 ubi,
982 424 1152 527 ,exemplo
1170 432 1284 529 patris

80 596 91 609 ,
176 532 381 603 Corinthum
397 533 544 602 evocatis
560 532 767 624 civitatibus,
794 534 865 604 dux
880 536 915 605 in
935 537 1052 610 locum
1068 541 1139 609 eius
1152 540 1282 609 substi-

124 648 148 712 6
175 639 291 711 tuitus.
344 636 547 706 Inchoatum
563 635 690 705 deinde
713 660 733 705 a
754 646 853 729 patre
869 640 1044 723 Persicum
1056 642 1188 711 bellum
1211 664 1283 735 ag-

124 754 148 817 7
175 741 338 833 greditur.
390 741 430 809 In
451 739 544 809 cuius
562 748 730 831 apparatu
755 751 925 834 occupato
944 745 1131 834 nuntiatur,
1157 744 1281 815 Athe-

50 868 55 877 ·
174 847 312 914 nierrses
327 850 362 913 et
381 841 568 911 Thebanos
582 842 631 931 ab
647 864 688 911 eo
710 843 763 912 ad
776 843 913 916 Persas
929 846 1114 941 defecisse,
1147 856 1281 919 undo-

173 970 320 1040 remque
337 946 412 1016 eius
429 920 671 1039 diffactionie,
680 968 820 1040 mngm
832 970 914 1019 aare
907 950 1098 1043 pondere
1110 974 1137 1021 a
1150 952 1281 1025 Persis

122 1063 145 1128 8
174 1058 392 1144 corruptum,
408 1049 683 1119 Demosthenem
698 1056 878 1159 oratorem
894 1055 1084 1127 exstitisse:
1109 1076 1170 1178 qm
1160 1054 1280 1125 Ma-

173 1156 347 1225 cedonum
367 1154 507 1223 deletus
531 1174 651 1222 omnes
682 1175 764 1223 cum
781 1146 876 1250 rege'
895 1158 1021 1251 copias*
1047 1180 1074 1228 a
1103 1144 1280 1231 tribuitis

171 1257 431 1379 qffirmaoerit,
457 1254 689 1353 producto
673 1278 710 1325 m
733 1261 934 1330 concionem
954 1268 1119 1348 auctore,
1145 1260 1222 1357 qui·
1237 1263 1279 1333 ia

173 1385 215 1431 eo
225 1360 424 1455 proelio,
410 1384 446 1429 m
460 1383 527 1454 qno
539 1380 607 1429 rer
620 1361 806 1451 ceciderit,
832 1384 872 1432 se
892 1385 1030 1457 qnoque
1045 1366 1278 1437 vulneratum

119 1478 148 1542 9.
173 1467 319 1535 diceret.
376 1462 460 1560 Quo
472 1463 634 1557 opinimre
647 1471 803 1533 mutatos
826 1467 981 1559 omnium
991 1467 1118 1561 ferme
1143 1469 1275 1540 civita-
1312 1474 1317 1493 '

123 1570 262 1647 10tiam
274 1569 413 1638 animos
425 1567 719 1660 essetpraesidiu
731 1566 975 1639 Macedonum
990 1570 1155 1642 obsideri.
1182 1572 1277 1661 Qui-

55 1726 58 1731 .
170 1676 236 1744 bus
250 1673 396 1742 motibus
413 1693 631 1757 occursurus,
655 1678 748 1739 tanta
766 1673 964 1743 eeleritate
954 1683 1114 1747 sustracto
1129 1666 1276 1798 parato-
1330 1738 1338 1757 ,

170 1800 239 1868 que
260 1777 410 1845 exercitu
432 1774 614 1844 Graeciam
636 1775 822 1865 oppressit,
856 1786 911 1863 ut,
942 1799 1045 1877 quem
1066 1780 1182 1851 venire
1201 1802 1275 1853 nou

169 1886 358 1963 senserant,
383 1876 501 1946 videre
517 1899 553 1944 se
567 1878 623 1944 vix
640 1876 828 1951 crederent.
1323 1878 1328 1885 ’

121 1995 138 2057 1
219 1982 307 2051 Cur
326 1980 388 2049 Ill.
440 1980 481 2048 In
492 1979 629 2047 transitu
642 1978 796 2048 hortatus
816 1980 1003 2050 Thessalos
1014 1981 1136 2069 iuerat,
1159 1982 1276 2055 Irene·

168 2086 393 2173 ficiorumque
412 2081 570 2175 Philippi
590 2082 714 2174 patris,
748 2092 988 2176 maternaeque
1011 2109 1091 2155 suae
1112 2108 1194 2159 cum
1215 2086 1274 2159 his

38 2188 41 2197 ’
117 2203 141 2265 2
168 2190 213 2259 ab
227 2188 454 2258 Aeacidarum
468 2195 572 2279 gente
583 2186 833 2257 necessitudinis
848 2188 1081 2261 admonuerat.
1131 2189 1273 2287 Cupide

167 2292 256 2362 haec
278 2291 452 2361 Thessalis
474 2289 703 2376 audientibus,
730 2293 890 2383 exemplo
911 2294 1017 2385 patris
1039 2292 1110 2362 dux
1129 2295 1269 2364 uuiver-

166 2420 224 2466 sae
239 2395 349 2487 gentis
363 2404 494 2464 creatus
507 2401 590 2480 erat,
612 2403 646 2463 et
660 2395 842 2486 vectigalia
855 2396 968 2465 omnia
982 2394 1176 2487 reditusque
1188 2418 1270 2475 suus

115 2510 136 2572 3
166 2503 199 2569 ei
213 2498 431 2569 tradiderant.
482 2498 555 2568 Sed
571 2497 804 2582 Athenienses,
830 2499 926 2569 sicuti
943 2499 1044 2591 primi
1055 2492 1269 2589 defecerant,

114 2612 137 2675 4
165 2604 213 2673 ita
226 2601 328 2694 primi
342 2602 518 2693 poenitere
532 2609 735 2693 coeperunt3
761 2610 995 2694 contemptum
1019 2601 1124 2671 hostis
1144 2602 1179 2673 in
1193 2604 1279 2674 ad··

164 2707 379 2776 mirationem
408 2713 593 2790 vertentes,
627 2703 875 2795 pueritiamque
903 2704 1088 2774 Alexandri
1115 2715 1268 2798 spretam
1305 2686 1314 2707 ’

114 2818 136 2884 5
165 2818 282 2894 antea,
308 2830 410 2899 supra
427 2807 581 2876 virtutem
602 2816 754 2875 veterum
770 2807 896 2876 ducum
915 2808 1123 2877 extollentes.
1173 2809 1267 2881 Mis-

164 2912 207 2983 sis
227 2913 341 3003 itaque
355 2912 498 3005 legatis,
524 2910 656 2980 bellum
681 2909 924 3002 deprecantur:
949 2913 1072 3002 quibus
1085 2910 1209 2982 auditis
1229 2923 1267 2986 et

200 3176 224 3246 5.
241 3174 267 3228 8.
289 3186 411 3227 auctore.
455 3169 590 3226 Ntmlich
602 3173 705 3239 nuntii,
724 3170 777 3226 wie
788 3172 821 3240 V,
834 3170 861 3240 7,
877 3165 913 3226 4:
932 3179 1122 3228 auctorem
1136 3172 1266 3231 nuntii

111 3262 258 3334 requirere.
301 3258 399 3329 Vergl.
417 3258 479 3310 uio.
500 3260 599 3325 XXIX,
620 3259 666 3329 32,
689 3259 739 3313 10:
769 3258 841 3311 Inde
858 3273 948 3309 vonas
968 3265 1102 3312 auctor
1122 3258 1266 3332 absumpti

109 3346 285 3399 Masinissae
301 3346 340 3397 od
356 3362 450 3412 regem
465 3344 550 3397 rediit
556 3363 566 3409 3
587 3345 620 3416 V,
638 3346 662 3411 1,
676 3343 710 3396 7:
734 3344 798 3412 qui,
824 3359 911 3415 aquo
927 3341 986 3395 tale
1009 3342 1077 3415 quid
1095 3344 1202 3397 dietam
1217 3363 1264 3399 re·

103 3432 250 3506 ferretur,
269 3448 323 3502 pro
337 3430 482 3482 reditionis
505 3449 565 3482 eum
581 3429 724 3501 principe,
746 3447 801 3480 non
823 3429 893 3480 vani
917 3430 1049 3482 sermonis
1069 3438 1264 3484 auctorem

108 3515 247 3573 habebat:
272 3531 316 3567 wo
329 3516 441 3567 Gronov
456 3512 515 3567 und
529 3512 728 3567 Drakenborch
743 3511 873 3567 maluere
888 3512 1025 3581 Beirpiele
1042 3512 1153 3569 lietera

194 3605 259 3656 Car.
272 3600 324 3654 111.
348 3600 372 3668 §.
388 3598 415 3653 2.
438 3600 552 3672 Cupide.
595 3599 664 3653 Hier
684 3613 822 3668 synonym
841 3597 895 3650 mit
914 3597 1046 3667 libenter,
1066 3598 1212 3655 voa-dem
1230 3615 1264 3655 er

106 3687 210 3756 iedoch
223 3702 254 3740 so
271 3683 450 3738 verschiedsn
467 3684 513 3751 ist,
537 3683 598 3738 dass
610 3687 688 3752 jener
704 3683 757 3736 auf
767 3682 813 3736 die
826 3682 1048 3754 Williiihriglseit
1062 3684 1141 3759 geht,
1161 3686 1264 3757 cupide

105 3775 177 3829 aher
196 3769 276 3827 den'
267 3786 370 3823 runem
386 3769 517 3837 Antrieb,
539 3771 619 3823 Eifer
634 3767 692 3822 und
710 3766 754 3822 die
769 3767 956 3821 Thsilnahme
971 3768 1151 3825 berenhem.
1171 3770 1219 3837 VI,
1234 3768 1263 3843 6,

85 3853 142 3914 ,4.
164 3862 246 3913 Fessi
261 3858 351 3928 igitur
366 3867 407 3908 tor
423 3854 503 3909 bellis
520 3857 622 3909 Graeci
637 3853 773 3924 cupide
786 3870 923 3925 paruere,
945 3853 1034 3926 rergl.
1056 3855 1211 3928 mar·
1234 3874 1263 3911 o.

105 3940 178 4014 2,;4
200 3945 298 4008 XXXI,
315 3936 341 4008 4,
357 3940 383 4000 8.
407 3943 462 3996 Oia.
455 3961 510 4016 .p.
529 3946 611 3997 Raro.
630 3944 707 3994 eom
720 3940 762 4005 16,
778 3933 832 3992 49.
824 3938 1130 4010 ·Egooerocupide
1151 3947 1189 3994 et
1210 3934 1271 3993 li:

105 4027 240 4083 beuter
253 4029 375 4081 mentior
389 4039 440 4079 tua
456 4044 551 4080 caasa.
593 4024 686 4097 Vergl.
702 4027 783 4076 Corte
794 4041 829 4078 ru
846 4023 917 4077 Sall.
932 4029 994 4077 Car.
1004 4018 1049 4092 40,
1061 4019 1090 4079 4.

194 4113 219 4184 ἕ.
241 4115 267 4169 3.
293 4112 435 4185 poenitere
456 4111 613 4185 coeperunt.
664 4109 811 4163 Poenitere
836 4107 906 4161 wird
922 4106 985 4161 laler
1006 4107 1168 4179 perrbnliolr
1188 4123 1263 4163 oon·

106 4198 212 4254 rtruirt.
233 4198 382 4270 XXXVIII,
403 4200 514 4269 10,11.
543 4195 748 4252 Poenitere
769 4193 869 4251 deinde
885 4194 996 4250 dirarari
1015 4194 1153 4250 Denrerrii
1171 4208 1261 4251 eos·

105 4285 185 4359 pit,
198 4301 241 4338 no
257 4282 304 4338 die
319 4236 501 4356 Anmerklsag
518 4281 712 4339 naehzureheu
727 4277 773 4336 ist.
